2830 5014
544 335 727 398 L11tutttt.
748 341 792 400 rr.
1010 401 1014 412 .
1156 341 1212 402 aa
1266 375 1270 380 .

139 487 276 564 vat.
286 517 288 522 ·
300 484 359 559 A'o
374 485 557 558 uerborum
571 485 714 583 quidem
730 493 856 584 genera
862 493 947 582 qtiae
954 491 1075 558 'esseni
1084 485 1204 566 faceta,

89 587 220 660 dixisse
244 611 298 660 me
325 591 422 680 pitto.
475 583 605 657 Rerum
630 585 727 682 plura
743 597 837 667 sunt,
857 587 870 634 ²
887 609 994 680 eaque
1022 587 1129 680 urana
1147 588 1204 676 (ut

89 686 163 758 dixi
175 685 275 774 ante)
291 683 468 756 ridentur:
493 680 669 777 inquibus
685 693 737 755 est
751 685 923 768 narrati0;
957 705 1011 755 res
1027 684 1114 758 sans
1144 681 1206 752 dii-

90 784 216 856 fieilis:
242 779 464 876 exprimenda
479 783 575 852 enim
586 785 681 859 sunt,
700 791 735 852 et
750 781 915 876 ponenda
930 790 1009 854 ante
1023 780 1141 864 oculos
1154 805 1210 858 aa„

94 881 211 975 ²quus
233 881 408 952 videantur
423 877 721 957 assererisirnilia,
733 881 831 974 quod
843 892 899 952 est
916 880 1086 976 proprium
1098 904 1205 950 narra·

93 977 221 1061 tionis3
244 987 375 1072 etquoe
393 976 475 1055 sint,
492 975 587 1071 quod
599 973 731 1048 ridiculi
746 977 921 1074 proprium
934 989 1000 1058 est,
1011 978 1203 1074 subturpia:

89 1077 189 1172 cujus
199 1075 416 1170 exemplum,
429 1083 467 1144 ut
478 1073 788 1153 brevissimumsit
804 1077 887 1148 santi
904 1077 1002 1155 illud,
1014 1075 1110 1171 quod
1120 1089 1202 1148 aute

87 1173 201 1268 posui,
217 1171 333 1243 Crassi
351 1171 395 1242 de
412 1171 588 1244 Memmio.
636 1172 686 1243 nt
700 1171 744 1242 ad
761 1173 827 1246 hcc
844 1197 955 1269 genus
976 1173 1205 1248 adscribamus

87 1271 197 1342 etiam
217 1269 425 1342 narrationes
436 1270 669 1365 apologorum.
691 1303 693 1306 ·
720 1270 885 1342 Trahitur
898 1272 1000 1344 etiarn
1017 1271 1146 1368 aliquid
1160 1291 1204 1340 ex

87 1367 252 1454 historia3
277 1375 316 1440 ut
342 1367 423 1438 etim
453 1367 548 1438 Sext.
572 1367 691 1438 Titius
722 1392 759 1438 se
782 1367 1010 1442 Cassandram
1026 1394 1102 1442 esse
1120 1369 1205 1446 dice

85 1473 155 1545 ret,
182 1468 312 1547 matus,
340 1464 457 1561 inquit
481 1463 675 1544 Antonius,
693 1477 832 1560 possum
861 1476 933 1542 totos
948 1468 1073 1554 Ajooes
1092 1467 1204 1538 Oileos

2 1608 10 1644 z
87 1567 270 1638 nominare.
319 1565 384 1634 Est
394 1563 496 1634 etiam
507 1585 551 1634 ex
564 1561 798 1644 similitudine,
816 1586 897 1658 quae
912 1575 972 1638 aut
984 1564 1203 1639 collationem

86 1661 203 1744 babet,
219 1671 281 1734 aut
298 1659 683 1757 tamquamimaginem.
734 1661 978 1744 Collationem,
992 1674 1031 1735 ut
1044 1664 1101 1736 ille
1121 1663 1202 1734 Gal·

2 1765 10 1857 J
86 1761 144 1831 lus
157 1761 236 1834 olim
253 1760 355 1832 testie
369 1759 405 1828 in
416 1760 591 1837 Pisonem,
605 1758 685 1828 ciam
697 1755 979 1832 innumerabilem
990 1761 1107 1855 Magio
1118 1783 1203 1858 prae·

3 1873 7 1915 Γ
78 1857 187 1948 fecto
210 1855 397 1954 pecuniam
424 1856 566 1928 dixisset
591 1855 713 1938 (latam,
735 1854 840 1954 idque
869 1881 1008 1931 scaurus
1036 1859 1203 1938 tenuitate

76 1949 201 2051 -Magii
218 1955 450 2050 redargueret,
467 1953 590 2033 Error,
607 1953 721 2048 inquit
737 1955 869 2028 Scurrre
882 1982 893 2026 :
927 1982 992 2048 ego
1007 1959 1108 2054 euim¹
1124 1957 1203 2036 Mo·¹

78 2056 184 2152 giam
201 2079 264 2126 nou
279 2075 492 2126 comeroorse
506 2052 590 2132 dico,
605 2051 677 2132 reci,
694 2062 859 2146 tamquam
876 2053 983 2131 andrus
997 2079 1098 2128 uoces
1112 2054 1205 2147 ¹lega

86 2165 154 2234 ret,
181 2150 245 2224 ‘dio
261 2161 405 2224 ventrem
421 2149 607 2224 abstulisse.
659 2150 743 2222 4Ut
761 2151 848 2224 illud
863 2153 915 2224 M.
938 2153 1062 2224 Cicero
1080 2175 1203 2233 senex,

84 2321 160 2378 Vox
173 2337 237 2377 cora
252 2329 397 2378 contracta
411 2329 455 2376 est
469 2333 510 2375 ex
522 2331 597 2376 voce
612 2323 720 2386 cotors,
735 2306 811 2377 unde
825 2317 934 2377 rectius
955 2315 1071 2375 forsitan
1092 2315 1201 2372 scribas

87 2405 170 2458 chora
180 2398 271 2476 quim
287 2417 372 2457 cora:
398 2399 455 2456 Ista
470 2393 540 2455 verb
551 2403 635 2454 chora
643 2402 691 2458 rel
704 2417 766 2456 cora
777 2398 831 2456 fuit
840 2416 956 2473 septum
967 2397 996 2454 in
1010 2395 1084 2458 vitta,
1095 2409 1125 2454 et
1134 2414 1202 2453 eam

85 2482 182 2537 Varro
191 2479 239 2536 lib.
254 2477 290 2534 ir.
304 2477 343 2536 ita
356 2477 465 2536 dictam
475 2489 566 2552 putat,
577 2477 650 2550 quta
658 2481 808 2554 circa‘eurn
818 2483 1002 2548 toeamsrecus
1012 2489 1200 2536 coerceatur:

82 2558 142 2617 tuit
156 2557 680 2624 vetovtum,vetboum,ve1ati0rum
692 2559 860 2617 animalium
873 2579 881 2627 ;
902 2561 978 2616 unde
991 2557 1075 2616 Ouid.
1086 2557 1117 2614 in
1125 2559 1202 2615 Fast.

83 2637 124 2697 iv.
142 2643 209 2694 704.
224 2639 261 2694 de
275 2637 373 2710 vulpe,
387 2654 453 2712 quaa
469 2638 589 2708 gallinas
602 2641 757 2714 pullosque
769 2651 913 2714 rapuerat,
927 2639 1005 2706 dicit,

188 2715 329 2765 ,distulerat
339 2717 425 2764 multas
441 2718 484 2764 ilio
495 2719 595 2764 cohortis
607 2733 669 2767 unes.
708 2717 710 2720 ’

133 2787 143 2837 l
161 2781 274 2852 Vulgi),
288 2801 378 2850 ecque
392 2785 483 2851 magia
501 2786 556 2856 (ut
573 2785 902 2858 dixioate)·ridentur.·
922 2785 952 2837 in
967 2783 1068 2852 quibua
1080 2793 1123 2836 eat
1133 2797 1201 2836 nar·

85 2865 185 2921 rotio:
207 2881 255 2919 rea
269 2859 339 2918 soni
352 2863 493 2936 difficilis:
514 2864 701 2930 exprimenda
715 2867 797 2930 enim,
811 2860 883 2942 etc]
900 2861 1016 2919 Vitiosa
1034 2858 1202 2933 interpunc-

85 2941 128 3000 tio
142 2943 276 3000 tenebras
289 2942 357 3000 huic
372 2944 435 2998 loco
451 2940 566 3010 offudit,
579 2940 811 3018 interpretesque
823 2943 854 3002 in
868 2959 999 3002 errorent
1008 2939 1129 2996 induxit.
1150 2938 1202 2994 Sic

81 3021 168 3096 enim
178 3023 277 3080 locum
288 3019 455 3096 explicant=
478 3018 526 3078 Ex
536 3021 754 3101 omnibusjocis
763 3023 792 3079 in
802 3021 936 3100 repositis
953 3039 987 3078 aa
997 3037 1107 3095 genera
1115 3037 1201 3076 snau-

85 3099 184 3157 imum
198 3102 293 3158 risum
309 3112 436 3167 movent,
450 3117 518 3174 quae
539 3101 734 3162 narrationem
751 3101 781 3160 in
803 3123 835 3161 se
854 3101 1006 3162 continent.
1029 3099 1087 3154 Sed
1098 3115 1152 3155 nec
1172 3097 1203 3156 id

84 3181 257 3237 Caesarante
278 3179 402 3246 dixerat,
417 3197 471 3237 nec
493 3197 570 3238 nunc
584 3181 682 3241 dicere
701 3179 798 3241 voluit.
841 3183 900 3237 Sed
913 3178 1143 3250 interpungenda
1157 3191 1202 3236 est

87 3257 180 3333 (utin
193 3258 288 3334 textu)
302 3257 449 3317 sententia.
491 3260 603 3318 Sensus
617 3274 681 3321 est:
704 3260 901 3336 lllajocorum
915 3273 1031 3332 genera,
1046 3273 1111 3332 qnae
1127 3256 1156 3314 in
1171 3277 1202 3316 rc

88 3335 285 3406 continentur,
303 3337 334 3395 et‘
341 3355 466 3394 nurnero
475 3340 559 3412 plura
579 3353 655 3410 sunt,
670 3352 701 3399 et
717 3339 857 3416 majorem
874 3337 967 3394 risum
986 3348 1122 3404 movent3
1145 3338 1203 3410 pri·

86 3433 175 3474 mum
189 3427 287 3482 autem
299 3433 393 3492 genus
404 3435 505 3477 eorum
514 3417 652 3496 jocorum
667 3434 712 3478 est
733 3417 884 3476 Narratio:
908 3417 971 3473 Hoc
986 3426 1084 3472 autem
1100 3417 1202 3473 Caesar

86 3506 174 3554 antea
187 3495 303 3554 dixerat
317 3514 342 3553 c.
358 3503 403 3554 62.
424 3496 511 3573 hujus
526 3497 600 3565 libri,
621 3500 762 3572 Anabiguc
772 3510 837 3554 aurit
847 3503 877 3554 in
889 3497 1203 3566 nutrimentumque

85 3577 117 3630 io
130 3577 218 3631 uerbo
235 3577 341 3644 secuta,
363 3595 418 3631 non
438 3581 534 3632 inre:
565 3581 616 3632 aed
637 3600 694 3634 non
716 3587 790 3646 'aaesre
812 3595 944 3648 orognum
971 3579 1060 3631 risum
1075 3587 1201 3630 arcuerit.

87 3656 232 3732 Idemque
246 3668 349 3729 postea
361 3655 463 3714 Caesar
475 3655 546 3714 dicit
560 3675 585 3713 c.
601 3663 619 3712 7
626 3665 647 3713 1.
691 3658 744 3712 Illa
756 3656 810 3732 (sc.
830 3651 967 3732 ridicula)
984 3673 1043 3724 que
1055 3656 1137 3708 verti
1153 3673 1202 3710 rc-

88 3738 165 3790 tione
180 3747 207 3788 et
220 3737 255 3790 ui
266 3737 460 3802 continentur,
474 3736 630 3804 certosere
650 3753 684 3792 ar
703 3739 820 3808 definito
836 3747 923 3798 aunt;
944 3750 1004 3805 que
1022 3738 1203 3806 trinumque,

85 3825 120 3868 ut
131 3824 198 3866 aute
212 3817 285 3882 dixi,
299 3818 418 3872 laudari
430 3818 533 3886 magis,
552 3813 636 3888 quim
650 3817 742 3871 rideri
754 3821 851 3872 colent.

128 3896 145 3946 2
162 3891 191 3946 V
193 3889 273 3966 ulgb,
289 3913 346 3962 que
357 3885 510 3954 uideantur
521 3907 549 3949 et
558 3896 754 3970 verisimilia]
773 3895 852 3950 lstnd
863 3903 890 3948 et
901 3893 1078 3967 elegantiam
1089 3903 1203 3959 senten·

83 3970 135 4030 tiae
148 3969 332 4045 corrumpit3
352 3971 434 4051 qnbd
444 3971 512 4031 edm
528 3971 636 4034 viderit
655 3975 823 4036 Lambinus,
841 3974 939 4036 locum
959 3972 1000 4034 sic
1016 3969 1141 4038 refinxit,
1150 3977 1204 4037 pr-

83 4055 179 4107 nenda
188 4062 255 4106 unte
270 4057 371 4122 oculos,
385 4067 414 4109 et
429 4071 488 4123 que
500 4058 658 4112 uideantur
671 4053 846 4118 verisimilia,
860 4066 914 4110 stc.
957 4053 1015 4118 Sed
1025 4051 1094 4114 satis
1107 4049 1203 4118 placet

84 4129 175 4190 lectio
188 4129 257 4190 edit.
299 4131 376 4190 Ven.
390 4146 420 4192 et
436 4131 555 4190 Medici.
578 4149 645 4210 quae
661 4131 811 4196 exltibent,
822 4133 951 4200 parienda
966 4144 1032 4185 aare
1053 4130 1204 4194 acuisses,

85 4231 147 4283 que
164 4212 321 4267 videantur
344 4231 410 4272 esse
426 4216 610 4284 verisimilia,
624 4227 681 4270 etc.
723 4209 836 4274 Eodem
851 4211 912 4271 iare
934 4209 1021 4272 modu
1035 4222 1122 4264 voces
1142 4225 1202 4270 erte

85 4303 118 4348 et
130 4302 158 4345 et
170 4295 200 4348 tn
213 4289 311 4350 MStis
322 4292 496 4351 scribuntur.

129 4374 145 4422 3
157 4372 188 4424 in
201 4385 334 4428 uentrem
348 4366 527 4448 abstulisse]
541 4367 671 4428 concise
683 4368 789 4435 dicitur
799 4387 861 4444 pro,
879 4369 914 4428 ab
928 4368 973 4430 2'1'82
987 4367 1037 4432 tui
1051 4367 1205 4437 dederunt,

85 4449 247 4516 abstulisse,
259 4462 288 4505 et
300 4454 330 4506 in
344 4463 476 4508 ventrem
492 4469 573 4507 auum
590 4452 757 4512 candidiano,
799 4448 901 4517 Simile
915 4455 962 4500 est
971 4443 1042 4500 illud
1051 4441 1205 4506 Ciceronis

83 4527 114 4587 in
129 4529 182 4586 Or.
198 4544 251 4602 pro
265 4531 361 4590 Sexto
387 4527 502 4588 Roscio
512 4547 537 4590 c.
549 4537 576 4588 8.
602 4523 693 4590 mutto
708 4529 807 4609 patim
821 4531 931 4592 doraum
944 4539 1023 4588 soora
1047 4525 1207 4594 auferatur,
