2854 5016
278 387 316 442 ro
665 325 948 444 osonnronu

279 513 479 628 nori'pudet
507 523 559 622 (id
570 527 666 624 quod
681 528 720 601 in
734 529 906 628 plerisque
918 527 1047 620 video),
1069 527 1170 604 lrun‘o
1179 548 1337 628 egenen
1375 579 1378 590 ·

277 627 560 727 reprehensione
574 627 699 707 solum,
723 627 906 701 sedetiam
930 645 1044 723 poena‘
1065 627 1208 724 dignum
1240 639 1336 728 puto'.

278 725 452 825 Equidem
464 735 501 798 et
514 725 552 798 in
568 725 663 798 vobis
678 724 953 796 animadvertere
969 725 1073 804 soleo
1089 725 1181 799 etv-in
1191 750 1248 800 me
1264 727 1339 826 ipse

277 825 469 922 soepissime
480 823 648 922 experior,
661 830 703 894 ut
714 823 936 896 exalbescam
948 820 987 893 in
999 821 1177 917 principiis
1189 823 1341 907 dicendi»

276 933 315 996 et
342 932 419 996 tota
433 929 550 996 mente
578 931 684 1018 atque
710 919 869 993 omnibus
895 920 1040 993 artubus
1065 923 1340 998 contremiscam

281 1021 579 1095 Adolescentulus
595 1017 679 1092 vero
696 1019 746 1093 sic
763 1019 865 1092 initio
875 1016 1111 1094 accusationis·
1124 1020 1343 1096 exanimatus

277 1120 368 1200 suin,
390 1131 433 1192 ut
457 1119 526 1192 hoc
546 1143 723 1192 summum
745 1117 955 1191 beneficium
971 1117 1022 1199 Q.
1038 1115 1193 1188 Muxirno
1217 1119 1344 1192 debue
1379 1175 1382 1186 .

275 1219 356 1297 rim,
367 1213 465 1314 quod
490 1213 661 1289 continuo
685 1216 872 1290 consilium
893 1213 1079 1296 demiserit,
1100 1213 1204 1286 simul
1224 1239 1265 1290 uc
1285 1241 1345 1290 me

274 1315 478 1389 fractumue
496 1314 711 1388 debilitatum
727 1323 825 1388 metu
836 1315 967 1388 viderit.
1016 1311 1121 1386 8¹Hic
1144 1334 1269 1388 omnes
1292 1334 1344 1388 at·

275 1437 420 1488 sensum
437 1412 643 1512 significare,
660 1422 699 1486 et
714 1412 868 1512 colloqui
885 1414 976 1486 inter
992 1411 1250 1510 seoreperunt:
1274 1413 1344 1486 luit

274 1513 371 1584 enim
386 1509 551 1584 mirificus
563 1511 704 1609 quidam
717 1511 754 1585 in
769 1511 897 1586 Crasso
908 1509 1033 1610 pudor,
1048 1512 1121 1608 qui
1133 1514 1256 1585 tumen
1268 1530 1346 1586 non

274 1607 382 1682 modo
412 1635 488 1683 non
504 1611 642 1683 obesset
669 1610 743 1708 ejus
771 1610 927 1693 orationi,
951 1609 1142 1686 sedetiam
1165 1609 1347 1706 probitatis

275 1709 579 1782 commendatione
595 1710 785 1808 prodesset·
822 1749 824 1756 1
1282 1709 1285 1714 ’

323 1805 501 1880 XXVII.'
535 1807 633 1880 Tum
648 1807 844 1891 Antonius,
866 1807 985 1908 sepe,
1014 1817 1068 1884 ut·
1087 1808 1347 1906 dicissfinquit,

272 1906 511 1983 ammadverti,
536 1907 675 1985 Crasse,
699 1915 736 1978 et
750 1915 788 1979 te
798 1919 837 1980 et
851 1915 1004 1980 oaeteros
1017 1918 1175 1982 sunnnos
1191 1915 1347 1981 oratores

273 2002 505 2094 (quamquam
533 1995 595 2064 tibi
624 2021 694 2090 pur,
729 2023 806 2063 urea
830 1997 1019 2078 sententie,
1047 2021 1155 2068 nemo
1175 2021 1349 2096 umquam

269 2095 370 2186 fuit),
395 2093 434 2164 in
455 2089 594 2163 dicendi
625 2087 769 2162 exordio
786 2091 996 2188 permoveri:
1021 2091 1120 2188 eujus
1135 2095 1279 2192 quidem
1295 2100 1352 2174 rei

272 2194 360 2268 cum
370 2186 1039 2287 caussamquaererem'quidmmesset,
1052 2215 1127 2274 cur,
1152 2199 1193 2266 'ut
1205 2192 1244 2268 iu
1260 2219 1348 2293 quo

261 2285 347 2391 'que
363 2301 494 2364 oratore
511 2287 702 2388 plurimum
715 2295 819 2370 esset,
841 2285 888 2360 ita
899 2285 1049 2362 maurim&
1075 2288 1105 2363 is
1122 2291 1347 2388 pertimesce·

271 2401 340 2472 ret,
366 2389 428 2462 lias
441 2411 577 2462 caussas
586 2385 803 2482 inveniebam
819 2384 926 2459 duas:
950 2387 1085 2471 Unam,
1103 2387 1348 2486 qucd'intelli·

272 2498 399 2586 gerent
410 2487 445 2570 ii,
469 2507 560 2584 quos
576 2509 659 2584 usus
674 2509 717 2558 ac
728 2494 857 2557 natura
869 2483 1346 2588 docuissetnonnumqttam

271 2586 417 2660 summis
440 2583 633 2659 oratoribus
650 2605 725 2657 non
740 2581 827 2676 sotis
845 2607 890 2658 ex
914 2585 1093 2660 sententia
1110 2595 1285 2664 euentum
1295 2590 1346 2664 dl·

272 2683 377 2758 oendi
390 2683 598 2796 procedere:
623 2683 673 2756 itu
688 2703 763 2757 non
779 2681 914 2780 injurio,
938 2681 1231 2786 quotiescumque
1254 2686 1346 2762 dice·

271 2794 366 2866 rent,
391 2783 438 2867 1d,
463 2782 559 2881 quod
574 2782 763 2954 aliquando
775 2789 895 2882 posset
909 2783 1081 2882 accidere,
1105 2787 1183 2860 “ne
1197 2799 1273 2860 tum
1288 2808 1344 2860 ao·
1413 2835 1414 2862 l

273 2881 418 2964 cideret,
436 2881 575 2954 timere:
647 2879 721 2954 tero
737 2891 791 2954 est
802 2880 883 2954 haec
894 2883 953 2974 (de
965 2905 1034 2980 qua
1048 2882 1148 2980 queri
1161 2889 1274 2980 'saepe
1291 2905 1349 2959 eo-

272 2979 361 3073 leo),
387 2989 596 3054 caeterarum
607 2978 767 3052 homines
779 2977 907 3054 artium
928 2979 1079 3077 spectati
1095 2987 1133 3052 et
1144 2981 1345 3080 probaturi

273 3078 421 3176 quando
432 3075 563 3174 aliquid
573 3076 691 3150 mimis
702 3079 793 3150 bene
805 3079 978 3160 lecerunt,
1002 3080 1110 3176 quim
1134 3078 1263 3158 solent,
1281 3093 1345 3157 urit

272 3177 441 3258 noluisse,
474 3185 538 3248 aut
552 3174 750 3276 ualetudine
766 3176 921 3274 impediti
938 3201 1014 3250 non
1046 3177 1201 3276 potuisse
1223 3197 1344 3254 conse

275 3273 396 3370 quiid
425 3273 522 3368 quod
543 3274 683 3354 scirent,
700 3283 889 3376 putantur!
914 3275 1054 3356 Noluit,
1079 3275 1259 3374 inquiunt,
1285 3277 1344 3352 ho

275 3372 331 3446 die
343 3394 445 3469 agere
457 3368 632 3452 Rosoius;
656 3381 729 3452 aut,
744 3371 895 3445 Crudior
916 3369 994 3446 suit.
1045 3373 1202 3450 Orutoris
1222 3395 1342 3470 pecco

274 3479 363 3552 tum,
387 3468 415 3540 si
431 3467 527 3564 quod
539 3476 593 3537 est
601 3466 896 3552 animadversum,
910 3466 1075 3545 stultitiae
1084 3477 1275 3564 peocmum
1295 3472 1340 3545 vi·-

275 3571 397 3642 detur:
411 3563 560 3639 stultitia
569 3580 687 3638 autem
697 3569 959 3644 excusationem
971 3561 1172 3652 nonhabet3
1186 3568 1270 3666 quia
1280 3593 1341 3656 ne·

316 3769 333 3820 3
350 3763 405 3819 Hic
418 3783 512 3821 omnes
524 3767 862 3840 assensum-significare,
870 3777 899 3824 et
910 3765 1114 3840 colloqntimer
1127 3767 1338 3848 recaefima'rer]

1413 1845 1415 1860 l

1414 1885 1415 1960 l

1413 1965 1415 1980 l

181 3885 184 3889 -
275 3838 378 3917 Vulgo
393 3839 437 3900 lic
448 3861 540 3902 omnes
560 3846 679 3912 moturi,
692 3847 989 3920 rigm'sr'caree‘nterre,
999 3856 1027 3901 et
1045 3847 1162 3926 colloqw’
1172 3855 1338 3916 ecelinum:
1412 3909 1413 3914 χ

275 3922 327 3980 sed
338 3919 407 3978 curn
422 3922 491 3980 edit.
506 3923 585 3982 Ven.
597 3921 709 3981 Mediol
721 3936 751 3984 et
765 3926 868 3982 Lamb.
880 3942 968 3984 voces
980 3927 1087 3982 interae
1100 3923 1260 4006 subjiciunt
1271 3925 1337 3986 roei

275 4005 388 4074 colloqui
402 4025 414 4068 ;
428 4014 458 4060 et
472 3999 542 4062 clim
557 4003 665 4062 MStus
678 4005 761 4066 Harl.
776 4009 804 4059 2.
824 4005 911 4064 habet
923 4023 1077 4076 assensum,
1090 4007 1164 4065 hanc
1177 4004 1338 4066 lectionem
1412 4037 1413 4042 ¹

173 4085 176 4091 '
273 4083 400 4158 vulgutae
410 4095 561 4157 antepono.

313 4169 331 4219 4
345 4180 380 4218 ne
391 4175 451 4218 tum
464 4164 617 4233 occideret,
629 4161 753 4244 timere]
762 4162 848 4224 Forte
858 4165 1019 4240 legendum
1032 4176 1079 4226 est
1093 4168 1224 4224 timerent
1236 4183 1247 4220 e
1261 4181 1337 4242 prae·
1412 4153 1413 4242 i

273 4255 403 4302 cesserat
415 4241 497 4300 enim
511 4243 584 4316 quid
596 4249 792 4316 intelligerent
804 4262 814 4300 .·
834 4243 907 4304 benc
921 4244 1015 4322 igitur
1026 4245 1207 4326 sequiturita
1217 4249 1278 4300 'non
1292 4249 1335 4302 in·
1412 4245 1413 4303 l

265 4320 426 4392 jurid-ne
441 4334 502 4378 tum
515 4327 668 4396 accideret,
677 4329 825 4384 timerent
844 4321 936 4385 Favet
944 4323 1121 4406 conjecture
1134 4323 1241 4398 MStus
1252 4325 1333 4387 Harl.

274 4401 360 4475 2.qui
374 4404 459 4463 habet
469 4405 589 4462 timeret.
1060 4417 1064 4428 '
1298 4437 1300 4442 ·
1318 4431 1322 4444 ·
