2830 5014
237 375 291 430 170
642 356 700 418 DE
719 349 922 415 ORATORE

234 518 402 598 facetum3
426 503 493 584 ⁷ul
507 507 643 582 Servius
657 505 715 580 ille
729 499 850 579 Galba,
876 494 956 568 erim
968 490 1104 589 judiees
1124 477 1344 596 “L-Scribo

235 614 296 687 uio
319 611 458 682 tribuno
473 605 700 704 plebislerret
725 598 901 674 familiares
918 615 1010 670 auos,
1035 597 1072 660 et
1083 585 1227 660 dixisset
1238 583 1344 659 labo,

233 707 364 821 qrtontlo
379 708 523 786 tandem,
560 703 678 781 Galba,
708 699 751 770 de
766 693 918 767 triclinio
949 681 1161 760 rto-eritis?
1186 681 1276 750 cam
1295 688 1344 756 ts,

236 805 412 904 mquibde
428 802 580 876 amoveto
593 801 714 870 attera.
761 790 793 863 Α
811 812 882 884 quo
893 806 1019 880 genere
1033 807 1079 852 ne
1096 777 1183 854 illud
1201 775 1346 870 quidem

237 901 421 1002 plurimirm
433 902 550 979 distat,
574 894 668 992 quod
679 889 824 964 Glaucia
841 878 1132 961 blaterantem
1148 879 1186 948 in
1202 873 1347 947 Tiburte

236 1000 347 1080 babes,
362 999 512 1072 *lentem
529 1000 566 1068 in
581 991 733 1068 Palatio.
834 997 836 1000 ’

237 1129 242 1138 “
275 1129 295 1180 7
309 1123 422 1198 Vulgo,
435 1133 468 1179 ot
477 1119 599 1194 Sergius
609 1121 654 1174 ille
668 1111 785 1194 Galba]
797 1109 934 1170 Graviter
944 1105 994 1166 bic
1004 1107 1039 1163 ab
1052 1099 1210 1162 editoribus
1223 1097 1350 1156 norrnui·

234 1203 273 1262 lis
286 1215 414 1261 erratum
424 1213 478 1263 est,
487 1197 555 1255 curn
568 1199 688 1266 Sergius
694 1194 733 1250 sit
747 1209 855 1256 nomen
863 1187 979 1255 Gentis,
989 1198 1020 1244 ut
1030 1195 1110 1260 patet
1117 1199 1156 1240 ex
1166 1181 1226 1238 AEn.
1238 1197 1266 1237 r.
1285 1182 1322 1232 12
1332 1183 1350 1230 t.

181 1340 185 1347 ,
237 1327 240 1334 a
338 1272 967 1349 Sergestusqae,dernurtetretriqaaSergianomea.

238 1357 272 1416 ln
288 1359 342 1416 boc
356 1355 425 1416 rerd
450 1356 513 1413 loco
534 1370 590 1410 non
614 1353 732 1406 Nomen
756 1342 871 1409 Gentis,
896 1345 949 1398 sed
963 1341 1140 1398 Praenomen
1163 1335 1353 1410 quaerimus:

242 1437 358 1492 Servius
372 1447 466 1490 autem
479 1433 654 1490 Praenomen
668 1425 808 1500 frequens
817 1421 872 1478 fuit
891 1417 997 1494 Gentis
1011 1415 1154 1488 Surpitiae.
1170 1413 1254 1491 cujus
1270 1415 1355 1474 Geu-

240 1515 277 1574 tis
290 1533 392 1572 omnes
405 1513 508 1571 Galbae
519 1509 642 1566 fuerunt.
682 1507 767 1578 Lego
775 1499 875 1577 igitur,
885 1513 917 1554 nr
932 1493 1053 1553 Servius
1065 1497 1113 1550 ille
1130 1495 1242 1558 Galba,
1258 1513 1357 1570 quam

239 1593 395 1652 lectionem
409 1593 513 1650 babent
534 1585 615 1646 Mati
629 1586 705 1642 Nos.
730 1583 801 1640 uod.
823 1580 883 1636 Bal.
901 1577 988 1650 Wag.
1014 1573 1112 1630 Mead.
1132 1574 1216 1630 llarl.
1231 1573 1305 1638 duo,
1328 1583 1358 1630 et

240 1672 325 1735 Nori.
339 1671 411 1730 item
431 1673 500 1730 Asc.
527 1667 606 1726 Man.
626 1665 728 1724 Lamb.
743 1674 774 1718 et
786 1657 926 1718 editiones
940 1655 1017 1711 Ven.
1032 1665 1062 1710 et
1075 1650 1196 1710 Mediol.
1236 1650 1311 1708 land
1327 1651 1360 1708 in

238 1750 340 1808 multis
351 1749 414 1808 aliis
425 1752 529 1808 borum
541 1745 723 1818 dialogorum
733 1738 814 1804 locis,
827 1737 877 1794 ubi
892 1736 951 1789 Ser.
965 1734 1053 1786 Galba
1075 1727 1214 1798 occurrit,
1241 1727 1358 1787 MStus

241 1829 324 1889 Cant.
339 1841 371 1887 et
383 1825 519 1886 antedicti
535 1823 616 1883 Mari
631 1824 734 1878 babent
750 1817 876 1872 Servius.
918 1813 956 1870 Et
971 1810 1001 1866 in
1021 1811 1112 1866 Bruto
1135 1826 1160 1862 c.
1177 1813 1222 1862 33.
1243 1805 1355 1864 Cicero

242 1908 287 1965 sic
300 1907 378 1975 dicit,
394 1909 469 1962 Huic
484 1909 557 1961 etati
565 1905 701 1959 successit
718 1899 746 1954 C,
766 1899 865 1960 Galba,
876 1889 972 1949 Servii
982 1891 1067 1956 illius,
1078 1889 1303 1955 eloquentissimi
1315 1884 1357 1942 vil

241 1987 426 2054 rt,fitias,1³.
444 1986 552 2047 Croesi,
566 1983 722 2048 eloquentie
736 1988 764 2030 et
777 1973 962 2046 jurisperiti,
968 1985 1067 2039 gener·
1102 1963 1353 2026 ,Eundemautem

242 2081 308 2120 esse
332 2067 411 2120 hunc
427 2064 563 2116 Servium
588 2060 706 2112 Galbam
721 2052 859 2129 irrvenies,
883 2049 908 2104 si
929 2065 999 2107 cum
1024 2047 1080 2106 hoc
1094 2047 1159 2102 loco
1173 2043 1307 2102 conferas
1320 2046 1354 2100 de

243 2145 326 2200 Orat.
343 2142 362 2200 i.
388 2149 432 2197 56.
448 2137 539 2198 Porrd
561 2134 737 2194 Plutarchus
759 2129 789 2187 in
811 2127 880 2186 Vita
893 2123 1016 2190 Catonis
1032 2125 1108 2180 hunc
1122 2121 1249 2180 Galbam
1273 2117 1351 2180 vocat

245 2225 407 2284 Servilium,
421 2219 498 2295 quod
507 2217 640 2278 verbum,
650 2213 768 2287 paulurn
782 2207 853 2265 licet
868 2207 1052 2278 corruptum,
1067 2202 1131 2258 veri
1149 2213 1249 2259 tamen
1262 2199 1351 2258 nomi·

243 2302 289 2360 nis
299 2296 440 2376 reliquias
450 2295 576 2355 exhibet.
619 2293 713 2356 Adde,
724 2287 802 2364 qudd
811 2286 840 2344 in
851 2283 952 2342 multis
967 2282 995 2338 N
999 2278 1213 2349 umismatibus,
1227 2297 1349 2356 quorum

244 2385 347 2440 lconas
360 2375 495 2436 exhibuit
508 2371 645 2436 Ursinus,
669 2368 778 2440 aliique
794 2364 848 2422 riri
870 2359 1042 2427 doctissimi,
1065 2371 1125 2418 tam
1139 2359 1253 2418 Latinis
1268 2359 1351 2435 quim

245 2456 371 2522 Gracia,
381 2467 463 2512 extat
477 2455 524 2508 vel
540 2451 658 2502 Servius
675 2448 721 2502 vel
731 2440 934 2516 ssgsrorGentis
950 2437 1280 2514 Sulpitiaelpraenomen.
1332 2473 1334 2476 -

174 2567 179 2576 ·
277 2542 301 2596 ¹8
316 2534 352 2586 L.
369 2532 524 2589 Scribonio,
545 2521 618 2604 etc]
637 2521 792 2579 Discimus
815 2538 854 2577 ex
868 2515 887 2574 i.
909 2524 954 2574 53.
970 2529 1000 2574 et
1014 2535 1053 2574 es
1069 2519 1160 2574 Bruto
1174 2536 1199 2574 c.
1217 2524 1265 2572 23.
1280 2519 1351 2576 hunc

244 2615 279 2670 L.
295 2607 478 2668 Scribonium
494 2603 637 2662 Libonem
661 2599 809 2658 tribunum
825 2595 919 2672 plebis
939 2614 1093 2654 accusasse
1108 2595 1190 2655 Serv.
1207 2595 1329 2655 Galbam
1343 2615 1351 2661 ;

244 2705 275 2750 et
288 2691 337 2748 bic
346 2687 519 2765 quibusdam
532 2679 742 2754 Interpretibus
751 2677 866 2735 videtur
880 2671 1124 2746 diciiCicerone,
1138 2673 1265 2734 Galbam
1274 2675 1352 2732 illurn

244 2770 346 2830 itidem
360 2766 432 2824 alias
445 2777 596 2823 accusasse
612 2763 646 2818 L,
662 2754 866 2814 Scribonium:
884 2757 935 2814 sed
949 2758 985 2813 de
999 2773 1055 2813 una
1068 2757 1231 2832 eademque
1244 2770 1351 2818 caussa,

245 2851 278 2908 in
287 2867 343 2925 qua
356 2847 449 2904 Galba
463 2861 531 2902 reus
541 2838 636 2905 fuerit,
647 2850 676 2896 et
689 2837 718 2894 in
731 2839 785 2892 hoc
805 2837 869 2892 loco
883 2846 912 2891 et
929 2834 958 2890 in
968 2833 996 2900 in
1013 2833 1072 2890 illis
1086 2832 1269 2892 Ciceronem
1288 2843 1350 2906 puto

244 2927 467 3002 intelligendum
482 2941 555 2980 esse.
597 2916 716 2978 ludices
738 2915 890 2988 ipraetore
905 2910 966 2972 fere
979 2909 1145 2984 inpublicis
1163 2911 1277 2971 caussis
1296 2901 1352 2968 ro'r·

246 3012 321 3064 tione
335 3007 491 3068 nauantem
513 2999 664 3076 almuando
679 2993 747 3054 rard
759 2996 879 3052 editione
892 3014 903 3057 ;
925 2989 967 3048 sic
979 2987 1059 3046 enim
1073 2987 1203 3064 dicebant
1218 2987 1351 3056 Romani,

246 3087 315 3146 edm
329 3097 379 3142 aut
390 3080 549 3140 accusatori
563 3091 612 3136 aut
631 3077 720 3154 (quod
734 3068 952 3149 nonnunquam)
967 3080 1100 3126 accusato
1120 3066 1272 3126 nominare
1281 3064 1352 3146 judi·

246 3166 297 3224 'ces
311 3161 487 3240 permissum
503 3161 565 3227 fuit,
587 3156 640 3234 qui
653 3157 822 3214 vocabantur
829 3151 944 3226 judicer
969 3151 1082 3205 editicii.
1123 3143 1211 3218 Quod
1225 3146 1280 3204 ubi
1302 3146 1350 3204 faa·

246 3259 311 3302 tum
331 3257 384 3308 est,
398 3234 862 3314 dicebanturjudiceoserrealter
881 3233 991 3288 altero:
1013 3228 1162 3302 Exemplo
1181 3225 1214 3284 lit
1227 3225 1268 3296 id,
1282 3225 1350 3302 quod

246 3319 375 3379 occurrit
388 3319 496 3376 insuto.
516 3321 593 3378 Hist.
608 3315 666 3374 viii.
678 3313 736 3383 ubi,
744 3311 812 3380 ciam
824 3313 857 3370 L.
873 3309 1005 3384 Papirius
1013 3309 1131 3375 Cursor,
1140 3317 1204 3364 tum
1214 3303 1348 3369 Dictator,

247 3402 284 3472 Q.
301 3397 422 3457 Fabium
438 3397 605 3458 Maximum
622 3393 801 3460 Rullianum,
815 3409 902 3452 suum
916 3388 1091 3465 magistrum
1105 3377 1249 3462 equiturn,
1263 3385 1349 3446 insec-

247 3489 483 3546 temeraturum
497 3492 582 3550 poena
590 3473 720 3530 afficeret
728 3473 765 3528 ob
774 3485 903 3545 pugnam
917 3481 1015 3542 contra
1026 3463 1184 3524 Dictatoris
1191 3467 1349 3523 mandatum

248 3577 316 3618 cum
330 3553 510 3614 Samnitibus
532 3550 732 3612 commissam,
744 3563 825 3624 pater
839 3548 917 3608 illius
931 3543 1010 3606 Fabii
1028 3543 1102 3604 dixit
1126 3564 1152 3602 c.
1169 3549 1214 3600 33.
1230 3547 1347 3618 tribunos

243 3639 336 3707 silebis
351 3638 473 3713 antello,
485 3641 651 3702 catirenaco
665 3631 857 3699 adsentantium,
872 3644 990 3702 eumque
1004 3627 1195 3696 tidijagienti
1209 3625 1348 3688 exercitat

249 3716 301 3778 tui,
310 3715 444 3784 fugienti
452 3710 726 3782 senatusjndicium,
734 3706 942 3778 judicemsero.
984 3705 1071 3762 Unde
1082 3703 1157 3762 milri
1170 3699 1348 3762 videturcon·

211 3819 215 3822 ·
248 3803 335 3858 stare,
348 3809 399 3846 eos
412 3791 504 3849 dictos
513 3789 726 3862 fuissejndices
731 3787 820 3855 serre
828 3784 1037 3848 accusantibus,
1044 3781 1095 3858 qui
1104 3783 1233 3841 accusati
1245 3778 1347 3858 judices

248 3888 317 3950 euos
329 3867 517 3946 nominarent.
559 3868 725 3926 Haemode
746 3865 864 3944 judices*
879 3863 983 3924 Liboni
999 3861 1063 3940 tulit
1076 3858 1168 3918 Galba
1190 3871 1346 3919 accusatum

249 3963 281 4010 et
301 3947 384 4015 sirm,
402 3959 546 4024 quotquot
568 3945 737 4012 nominaret,
758 3944 852 4019 ipsius
875 3941 1030 4002 familiares
1051 3953 1162 4009 essent,
1183 3939 1258 3998 Libo
1276 3930 1347 3997 dixit,

188 4045 190 4050 ·
253 4029 371 4102 Quando
386 4029 498 4082 tandem
517 4029 684 4084 detriclinio
698 4037 744 4080 tuo
760 4023 879 4079 exibis?
899 4021 918 4079 i.
938 4041 964 4078 e.
984 4019 1098 4094 quando
1110 4021 1229 4078 taudem
1245 4012 1348 4096 judices

249 4109 325 4169 mibi
339 4106 426 4174 feres,
439 4105 558 4180 quinon
574 4118 640 4165 sunt
654 4104 698 4162 tui
711 4099 867 4162 familiares
881 4113 911 4159 et
924 4101 1064 4167 convivae,
1079 4097 1130 4174 qui
1139 4111 1237 4157 tecum
1258 4089 1347 4154 enain

249 4187 375 4247 triclinio
388 4200 439 4243 tuo
449 4184 561 4260 epulari
574 4203 630 4242 non
651 4187 751 4250 solent,
762 4177 863 4248 Porrb,
873 4179 901 4237 in
912 4179 957 4247 iis,
969 4195 1035 4257 quae
1046 4175 1138 4240 Galba
1148 4173 1301 4253 respondit,
1311 4169 1346 4226 iu·

249 4265 342 4342 telligi
357 4264 450 4322 voluit
463 4263 608 4322 Libonem
623 4260 712 4318 fuisse
726 4263 890 4325 moechum.
1072 4303 1075 4309 ,
1103 4326 1110 4334 4

289 4351 306 4400 9
318 4347 463 4398 certamin
483 4338 626 4418 Palatia]
638 4339 656 4396 i.
672 4360 697 4398 e.
720 4341 831 4414 Villam
846 4340 943 4408 habea,
964 4339 1097 4404 Metelle,
1110 4329 1290 4394 ornatissimi
1304 4343 1348 4385 ⁶¹·

249 4432 373 4483 tructam
384 4439 450 4478 rure
460 4421 487 4476 in
501 4421 624 4478 Tiburte
638 4419 745 4492 oppido
754 4417 770 4489 ,ς’
786 4419 814 4476 in
825 4418 938 4476 Palatio
954 4415 1025 4476 verb
1046 4416 1114 4492 (hoc
1125 4428 1170 4472 est
1183 4415 1211 4471 in
1221 4417 1288 4472 urbe
1298 4407 1347 4467 Ro·

251 4499 313 4576 rui)
327 4497 450 4559 domurn
462 4499 550 4556 babes
569 4495 669 4567 rilem,
683 4511 715 4555 et
727 4502 813 4554 cartis
827 4515 886 4576 acu¹¹
900 4495 1040 4580 tugurioli
1057 4495 1145 4554 instar
1163 4493 1346 4560 aedificatam?
