2854 5016
265 391 300 442 ιι
654 352 954 464 nnouurunu'

259 527 490 606 lraesitcntem
503 525 720 624 inmajorum
735 528 922 611 institutis,
931 527 1057 604 rudem
1073 527 1200 624 injure
1217 521 1331 606 civillt

258 639 296 702 et
313 627 332 676 ⁶
353 625 432 702 haec
443 637 540 700 oetas
553 637 688 707 nostra,
703 636 833 724 praeter
849 638 895 707 te,
918 627 1058 709 Crasse,
1068 628 1127 718 qui
1139 638 1204 700 tuo
1215 629 1332 728 magis

259 725 390 807 studio,
414 728 519 820 quim
542 726 843 822 propriomunere
859 725 982 834 aliquo
997 723 1214 809 disertorum,
1234 727 1292 824 jus
1311 731 1333 803 ὲ

258 825 360 900 nobis
391 824 489 898 civile
521 823 683 903 didicisti,
709 821 831 914 (quod'
855 823 1034 897 interdum
1068 821 1216 920 pudeat)
1247 826 1334 921 juris

259 923 385 1020 ignem
401 931 465 996 est.
516 920 634 1004 Quod
643 918 726 993 vero
743 921 782 996 in
798 931 958 996 extreme
972 919 1132 996 oratione
1148 923 1254 1014 quasi
1270 933 1334 996 tuo

254 1021 331 1116 jore
352 1020 517 1102 sumsisti,
542 1027 716 1094 oratorem
730 1019 1078 1094 inomnissermonis
1095 1019 1334 1118 disputatione

259 1118 492 1217 copiosissime
520 1143 623 1218 posse
650 1118 790 1201 versari,
810 1119 858 1200 id,
883 1119 952 1192 nisi
982 1117 1043 1192 hic
1069 1117 1108 1191 in
1135 1127 1199 1191 tuo
1224 1143 1337 1218 regno

258 1240 426 1298 essemus,
453 1241 528 1290 non
555 1217 725 1296 tulissem,
750 1217 935 1311 multisque
959 1239 1159 1315 praeessem,
1182 1219 1241 1310 qui
1269 1229 1337 1294 aut

258 1317 276 1370 ⁷
291 1315 480 1390 interdicto
504 1327 624 1390 tecum
639 1315 913 1396 contenderent,
939 1328 1004 1392 aut
1020 1328 1056 1390 te
1073 1319 1151 1389 ⁸ex
1163 1315 1242 1414 jure
1258 1338 1334 1391 mu·
1420 1335 1421 1352 ¹

258 1437 310 1488 nu
337 1425 540 1490 consertum
567 1424 746 1496 vocarent,
777 1412 874 1508 quod
891 1415 929 1490 in
946 1415 1081 1490 alienos
1098 1415 1336 1514 possessiones

260 1522 335 1588 tum
351 1522 483 1588 temere
500 1513 667 1586 irruisses.
718 1512 877 1611 Agerent
905 1514 1002 1588 enim
1027 1523 1147 1587 tecum
1175 1509 1254 1612 lege
1268 1514 1337 1612 pri*⁴

258 1611 355 1684 mum
370 1611 586 1708 Pythagorei
604 1637 727 1703 omues
742 1621 849 1704 atque
868 1613 1112 1697 Democritici;
1138 1611 1335 1704 oaeterique

257 1709 274 1757 ⁹
288 1709 327 1782 in
344 1733 408 1782 suo
425 1711 558 1810 physici
570 1710 804 1792 vindicarent,
822 1712 940 1786 ornati
951 1712 1114 1788 homines
1124 1711 1167 1785 in
1184 1711 1337 1786 dicendo

298 1912 315 1958 6
337 1910 393 1960 lm·
406 1917 472 1960 κιαι
483 1902 596 1979 acerra]
608 1927 649 1960 sc.
663 1909 806 1968 Oratores
814 1917 923 1967 nostrae
938 1906 1042 1968 aerutis.

298 1997 316 2048 7
335 1987 500 2067 interdicto]
517 1985 787 2050 Interdictumeret
796 1989 938 2050 Praetoris
947 1993 1111 2060 decretum,
1121 1997 1182 2066 quc
1190 1996 1226 2058 is,
1236 1995 1289 2068 qui
1298 2015 1338 2056 ex

258 2071 358 2148 aliquo
369 2087 442 2144 agro
455 2068 590 2148 dejectus
612 2081 700 2140 esset,
713 2068 828 2129 restitui
839 2068 1005 2152 jubebatur,
1026 2069 1120 2128 donec
1140 2067 1340 2148 judicaretur,

259 2149 348 2228 cujus
356 2150 383 2207 is
396 2161 559 2224 ageresset.
582 2149 661 2208 Hinc
674 2149 704 2208 iu
718 2150 772 2208 Or.
787 2167 850 2228 pm!
862 2147 974 2210 Caeciu.
995 2169 1021 2208 c.
1035 2155 1062 2207 3.
1077 2148 1216 2227 legimus,
1225 2159 1339 2220 porree-

259 2234 362 2288 aeioorm
369 2237 425 2300 lter
444 2231 624 2287 interdictum
636 2234 809 2300 repetitam:
830 2242 861 2288 et
871 2230 909 2289 ib.
923 2250 949 2289 c.
961 2235 1007 2288 31.
1051 2233 1110 2289 Cur
1122 2232 1213 2304 igitur
1227 2233 1342 2289 Praercr

259 2311 455 2380 interdixerit,
470 2313 544 2366 unde
558 2313 681 2386 dejectae
694 2331 733 2383 rr,
748 2323 778 2367 ut
789 2309 819 2370 ed
831 2311 1024 2370 restituaris?

298 2408 317 2457 8
337 2401 449 2473 exjure
463 2417 574 2460 menum
585 2413 739 2459 monrium
750 2397 898 2478 vocarer]
913 2400 933 2457 i.
946 2419 972 2460 e.
987 2410 1125 2462 vocarent
1137 2411 1166 2458 te
1180 2399 1217 2458 ad
1236 2415 1339 2460 couse-

258 2481 380 2538 reodam
389 2497 534 2546 manum
554 2497 623 2538 oum
635 2491 794 2540 consertum
806 2491 853 2538 cst
864 2478 894 2538 io
908 2478 1021 2553 Supioo
1031 2481 1048 2536 *a
1060 2501 1180 2548 cornero,
1191 2479 1270 2558 quod
1283 2493 1338 2554 est,

198 2565 201 2569 '
258 2557 372 2616 misceo
386 2557 448 2616 sive
459 2557 622 2618 committo.
663 2561 713 2624 De
724 2557 822 2617 verbis
833 2559 905 2618 veri>
914 2560 1027 2634 exjurc
1037 2559 1198 2620 audiendus
1210 2559 1339 2620 esthl·

259 2636 317 2696 lius
330 2637 359 2696 io
374 2640 463 2698 Noct.
481 2641 543 2698 Art.
559 2659 610 2698 xx.
630 2646 672 2696 11).
711 2637 888 2710 “Vindicia,
901 2639 999 2712 idest,
1019 2639 1164 2716 correptio
1184 2637 1290 2698 mansis
1306 2639 1339 2700 io'

259 2723 278 2756 “
291 2735 325 2778 re
338 2731 425 2796 atque
437 2722 502 2779 loco
515 2719 655 2796 praesenti
668 2721 745 2796 apud
758 2721 922 2780 Praetorem
932 2739 972 2779 ex
991 2727 1023 2778 12
1046 2720 1171 2780 Tabulis
1181 2719 1286 2780 fiebat:
1305 2719 1336 2784 in

259 2805 278 2836 ‘⁴
290 2797 396 2876 quihus
404 2799 596 2877 itascriptum
605 2813 662 2870 est,
673 2805 749 2874 niqui
758 2795 866 2873 injure
875 2821 987 2858 manum
999 2811 1156 2859 conserunt.
1179 2801 1248 2867 Sed,
1258 2813 1339 2876 post·

259 2883 381 2954 “.quam
395 2884 551 2952 Praetores,
564 2880 732 2956 propagatis
741 2878 835 2941 que
846 2879 961 2948 finibus,
974 2878 1101 2956 negotiis
1113 2878 1251 2956 occupati
1269 2897 1338 2954 pro

260 2965 280 2996 “
293 2957 387 3016 ficisci
397 2959 592 3018 vindiciarum
600 2957 792 3018 dicendarum
801 2957 890 3016 causi
901 2957 931 3016 io
939 2957 1115 3036 longinquas
1123 2977 1172 3019 res
1182 2961 1339 3036 gravabun-

259 3047 278 3076 “
291 3051 339 3098 tur
352 3037 521 3100 institutum
534 3051 580 3100 est
592 3057 627 3098 co
648 3049 693 3096 tra
708 3045 741 3098 12
753 3039 894 3108 Tabulas,
909 3038 996 3098 tacito
1008 3057 1162 3108 consensu,
1174 3052 1208 3098 ut
1221 3037 1337 3114 litigen-

259 3126 278 3158 ¹⁶
291 3133 335 3178 tes
349 3138 408 3178 non
420 3121 526 3195 injure
540 3121 618 3196 apud
627 3057 794 3178 iraetorem
807 3135 932 3178 menum
946 3132 1145 3190 consererent,
1158 3119 1212 3179 sed
1226 3121 1339 3192 exjurr

176 3241 180 3256 ,
259 3203 279 3236 ‘⁴
292 3216 413 3257 manum
425 3213 594 3260 consertum
608 3211 764 3270 vocarent;
783 3197 802 3257 i.
817 3218 843 3258 e.
858 3201 932 3258 alter
945 3199 1071 3260 alterum
1082 3220 1121 3257 ex
1136 3201 1207 3276 jure
1219 3198 1255 3254 ad
1269 3218 1338 3257 con·

259 3285 277 3317 ⁶⁸
295 3279 449 3338 serendam
463 3296 584 3336 manum
596 3281 627 3340 in
640 3297 716 3348 rem,
729 3283 766 3338 de
781 3300 841 3357 qua
853 3291 984 3356 egretur,
997 3290 1134 3340 vocaret:
1155 3290 1245 3354 atquc
1265 3279 1338 3338 Pro·

260 3363 280 3398 ⁸⁶
293 3355 363 3416 recu
376 3355 466 3418 simul
480 3354 510 3413 in
525 3373 642 3446 ugrum,
656 3361 765 3436 dequo
777 3359 1053 3436 litigatum-,terre
1066 3359 1224 3438 aliquidem
1237 3374 1283 3427 so,
1294 3359 1337 3421 uu

260 3444 280 3476 ²‘
294 3455 382 3496 uuum
398 3439 525 3513 glebam,
538 3453 567 3492 m
586 3454 636 3513 Jus
648 3434 678 3494 in
689 3440 794 3496 urbem
807 3439 844 3496 ad
866 3441 1031 3500 Praetorem
1043 3439 1201 3504 deferrent,
1216 3447 1248 3494 et
1261 3437 1293 3496 in
1303 3459 1338 3500 eu

261 3525 281 3558 ⁴⁶
294 3519 387 3594 gleba,
400 3530 552 3591 tamquam
560 3513 590 3573 in
604 3527 753 3590 totoegro,
767 3516 981 3578 vindicarent.''

300 3615 317 3663 9
338 3611 367 3662 in
388 3627 437 3662 cuc
443 3607 556 3678 physici
569 3605 764 3686 vindicarem]
784 3607 901 3686 Vulgo,
914 3605 944 3665 iu
954 3625 1007 3664 suc
1016 3623 1124 3679 genere
1133 3605 1260 3676 deeicr,
1273 3611 1336 3664 utris

261 3692 449 3760 dicerentque,
463 3699 534 3746 eto:
556 3686 617 3743 Sed
625 3683 702 3744 istud
716 3699 769 3760 'que
775 3689 857 3748 abest
864 3692 899 3746 ab
909 3683 1056 3753 omnibus,
1065 3703 1139 3762 quos
1147 3683 1216 3752 vidi,
1226 3685 1334 3745 MStis.

259 3766 336 3826 Fere
349 3783 454 3824 omnes
467 3765 556 3828 etiam
570 3764 708 3826 omittunt
720 3785 826 3828 vocem
847 3785 960 3841 genere,
974 3781 1085 3842 proquo
1098 3765 1157 3823 duo
1173 3775 1272 3824 tresve
1285 3769 1335 3826 ha·

260 3846 430 3918 uenture.-
457 3845 627 3917 Lambinus,
641 3859 773 3906 ·secutus
793 3848 856 3925 (eut
868 3845 921 3923 ait)
945 3847 1019 3904 duos
1041 3857 1099 3906 vet.
1121 3843 1219 3916 libros,
1232 3845 1336 3906 maluit

261 3929 406 3998 cererique
420 3940 471 3984 ruo
476 3927 547 4000 jure
557 3929 675 4000 Ptyeici
691 3930 893 3984 vindicarent:
914 3927 981 4002 Ego
994 3937 1093 3984 eutem
1107 3943 1214 3984 censeo
1233 3927 1335 4002 legen·

261 4010 487 4066 comessorum
498 4008 533 4066 M
537 4008 749 4075 Sturumturba,
756 4009 901 4080 caeterique
910 4009 939 4062 in
948 4025 998 4062 ruo
1008 4009 1126 4078 Phyricr'
1133 4009 1313 4064 vendicarent
1324 4013 1336 4064 ‚⁶

261 4087 312 4146 cui
324 4103 381 4144 uon
402 4085 546 4148 dissimile
558 4099 612 4146 ‘est
624 4085 654 4144 id
668 4089 743 4164 quod
758 4085 888 4163 legimus
903 4085 936 4144 in
948 4083 988 4144 iii.
1011 4091 1057 4142 31.
1072 4090 1221 4144 consistere
1237 4090 1267 4142 in
1276 4105 1334 4143 rue.

261 4167 400 4226 Verbum
413 4168 559 4224 vmdicare
572 4166 689 4230 videtur
701 4165 752 4225 hic
765 4183 833 4225 esse
846 4165 971 4234 forense,
986 4179 1018 4225 et
1027 4165 1193 4243 significare
1206 4179 1283 4236 rem,
1302 4177 1335 4223 ut

262 4265 355 4314 suam,
369 4259 515 4324 repetere,
527 4246 698 4322 quamelius
708 4245 846 4322 possidet.
888 4249 924 4304 In
934 4265 983 4304 suo
992 4249 1138 4304 vindicare
1151 4247 1258 4305 eudem
1271 4261 1335 4302 mo·

262 4328 300 4384 do
318 4325 507 4404 dicitur,“quo
521 4326 564 4402 (io
579 4331 645 4387 loco
660 4325 975 4405 detrimentorum)
998 4330 1028 4384 in
1043 4347 1075 4386 eu
1086 4327 1187 4399 gleba,¹
1195 4333 1333 4400 tamquam

261 4410 293 4462 in
303 4418 358 4462 roro
371 4425 453 4479 agro,
472 4409 626 4465 uindicare.

1337 4449 1341 4455 ,
1419 4261 1423 4438 ι

1419 4519 1423 4698 l
