2808 5020
518 409 645 472 LIBER
663 412 687 472 1.
698 401 752 470 'rsi
1114 421 1157 474 es,

84 555 131 634 eir
145 585 335 657 eogeuere
361 547 441 630 sex.
456 549 611 640 AElium,
644 557 697 630 Μ’
712 557 905 638 Manilium,
930 558 972 632 Ρ.·
987 557 1149 642 Matium,

85 661 313 732 nominarem.

136 757 272 831 XLIX.
299 755 427 852 Atque,
446 764 486 826 ut
503 753 573 850 jam
590 757 632 828 ad
646 755 776 828 leviora
792 756 917 830 artium
929 759 1044 832 studia
1057 758 1165 832 renis

87 875 166 937 am,
180 857 208 928 si
232 853 395 933 musicus,
417 852 445 923 si
473 853 748 948 grarnmatticus,
777 854 804 924 si
826 853 935 950 po‘e‘ta
959 867 1150 954 quaeratur,

88 955 214 1052 possim
231 952 387 1031 similiter
403 951 586 1047 explicare,
599 951 683 1046 quid
701 975 821 1024 eorum
835 951 985 1048 quisque
997 959 1152 1052 profitea-

89 1064 156 1134 tur,
168 1062 203 1124 et
219 1073 292 1148 quo
316 1074 390 1142 non
416 1050 563 1146 amplius
585 1051 629 1120 ab
654 1073 799 1146 quoque
824 1049 867 1121 sit
892 1045 1150 1146 postulandum.

86 1150 289 1246 Philosophi
313 1147 466 1242 denique
482 1146 596 1244 ipsius,
618 1148 679 1243 qui
707 1147 750 1218 de
769 1171 832 1218 sua
854 1147 885 1218 vi
910 1173 951 1221 ae
975 1150 1152 1246 sapientia

86 1245 311 1320 unusomnia
327 1269 431 1342 paene
455 1247 646 1340 profitetur,
678 1255 734 1316 est
762 1254 883 1317 tamen
911 1248 1073 1341 quaedam
1095 1249 1151 1322 de·

87 1346 297 1442 scriptin‘ut
308 1342 352 1426 is,
364 1343 424 1440 qui
442 1343 582 1414 studeat
596 1343 756 1415 omnium
769 1367 882 1414 rerum
899 1343 1092 1418 divinarum
1105 1357 1152 1418 at·

6 1481 8 1504 ι
88 1469 158 1540 que
173 1444 401 1516 humanarum
416 1441 497 1522 uim,
514 1453 673 1514 naturam
683 1463 894 1536 caussasque
908 1467 1023 1539 nosse,
1036 1456 1072 1516 et
1083 1469 1153 1516 orn-

86 1566 170 1614 nem
182 1539 418 1618 beneviueudi
436 1540 606 1611 rationem
620 1549 741 1612 tenere
758 1548 795 1610 et
812 1542 983 1635 persequi,
1009 1543 1152 1615 nomine
1175 1537 1178 1546 ’

6 1689 8 1720 s
87 1639 153 1714 hoc
169 1641 373 1738 appelletur.
422 1641 606 1710 Oratorem
621 1647 751 1716 autem,
772 1637 935 1732 quoniam
947 1638 991 1711 de
1004 1665 1046 1712 eo
1058 1663 1153 1736 quaa

6 1789 7 1800 2
82 1740 206 1822 rimus,
233 1737 398 1834 equidem
420 1761 494 1808 non
508 1735 597 1809 facio
612 1734 777 1829 eundem,
799 1757 906 1830 quem
917 1735 1073 1821 Crassus,
1091 1738 1152 1835 qui

87 1837 175 1908 mihi
187 1837 282 1907 uisus
295 1847 352 1906 est
369 1859 509 1906 omnem
524 1834 680 1906 omnium
703 1857 817 1906 rerum
834 1843 939 1930 atque
951 1837 1076 1908 artium
1093 1836 1154 1914 sei,

6 1971 7 1996 r
89 1934 227 2005 entiam
237 1931 534 2027 comprehendere
550 1955 623 2002 uno
639 1931 778 2002 oratoris
795 1931 909 2004 officio
929 1957 968 2005 ac
990 1929 1151 2007 nomine:

6 2079 7 2094 2
89 2043 197 2128 atque
209 2055 290 2102 curn
308 2037 393 2125 puto
403 2032 489 2110 esse,
501 2029 560 2126 qui
572 2029 682 2100 verbis
697 2027 741 2100 ad
764 2029 978 2103 audiendum
989 2033 1153 2130 jucundis

6 2187 8 2202 .
85 2139 127 2201 et
143 2128 330 2201 sententiis
351 2125 394 2198 ad
410 2127 626 2224 probandum
638 2129 903 2202 accommodatis
919 2131 973 2202 uti
991 2133 1100 2227 possit
1115 2133 1154 2203 in

79 2227 218 2301 caussis
246 2225 441 2300 forensibus
454 2235 561 2321 atque
577 2227 829 2300 communibus.
880 2227 991 2301 Hune
1007 2255 1072 2334 ego
1098 2255 1153 2326 ap

6 2343 7 2348 ’
89 2325 180 2424 pello
188 2337 376 2405 oratorem,
400 2349 551 2420 eumque
568 2348 645 2396 esse
661 2334 832 2430 praeterea
845 2324 1056 2400 instructum
1068 2351 1153 2400 voee

79 2433 124 2496 et
139 2424 327 2498 actioneet
348 2424 465 2520 lepore
488 2423 641 2519 quodam
657 2423 742 2496 volo.
794 2422 938 2498 Crassus
961 2422 1042 2500 vero
1069 2425 1154 2500 mihi

78 2523 392 2602 ⁵noster-uisussst
404 2521 547 2594 oratoris
562 2519 766 2613 facultatem
790 2545 865 2596 nou
884 2523 973 2601 illius
997 2525 1155 2600 artister·

6 2717 7 2720 Ἴ
77 2621 205 2700 -miuis',
229 2621 299 2692 see
325 2619 457 2715 ingenii
484 2620 537 2694 sui
552 2615 680 2693 finibus
711 2619 888 2695 immensis
897 2648 1006 2736 paeue
1031 2625 1154 2696 descri-

6 2730 10 2772 '·
78 2721 177 2792 ‘bere
191 2743 199 2788 z
217 2735 297 2790 n'aru
310 2717 530 2791 et'oivitatem
542 2718 773 2815 regendarum
782 2732 906 2792 oratori
918 2723 1155 2816 gubernacula

92 2818 273 2912 sententia
284 2815 494 2910 suasstradidit
506 2845 516 2902 3
530 2817 567 2890 iu
604 2819 650 2892 uo
659 2843 720 2916 per
730 2816 813 2890 mihi
826 2819 952 2890 mirum
964 2818 1074 2890 visum
1088 2827 1153 2900 est,

89 2916 257 3005 Scaevola,
274 2926 309 3002 te
329 2914 451 3002 hocilli
465 2843 671 3000 concedere,
686 2917 767 3002 oiim
782 2916 972 3016 saepissime
985 2916 1043 2998 tibi
1057 2940 1153 2990 sena·

85 3023 146 3086 tus
165 3016 312 3088 breuiter
328 3015 549 3114 impoliteque
563 3016 695 3092 dicenti
711 3017 866 3092 maximis
878 3017 923 3089 sit
936 3017 1090 3088 derebus
1103 3040 1154 3086 as·

87 3137 228 3185 sensus.
279 3115 332 3186 M.
350 3113 433 3186 vero
458 3115 619 3198 Scaurus,
636 3141 741 3212 quem
758 3141 832 3190 nou
849 3115 953 3210 longe
969 3114 1036 3184 ruri
1062 3111 1155 3208 apud

94 3235 136 3281 se
146 3236 223 3284 esse
236 3212 350 3292 audio,
366 3211 416 3284 vir
426 3217 593 3310 regendae
612 3215 826 3313 Reipublieae
837 3210 1100 3294 scientissimus,
1125 3211 1154 3284 si

92 3307 245 3381 audierit
257 3311 347 3384 haue
358 3313 603 3402 auctoritatem
620 3311 792 3409 gravitatis
817 3322 855 3385 et
873 3309 1007 3384 consilii
1021 3310 1074 3382 sui
1085 3311 1156 3383 vin·

93 3406 200 3481 dicari
219 3410 239 3478 a
256 3415 304 3487 te,
313 3408 446 3490 Crasse,
471 3408 656 3509 quodsum
672 3411 815 3484 oratoris
832 3409 1001 3508 propriam
1016 3433 1092 3480 esse
1110 3408 1157 3480 di-

92 3529 164 3588 cas,
174 3505 244 3601 Jaur
258 3507 366 3582 credo
377 3507 447 3581 lruo
459 3507 582 3590 veniat,
593 3525 628 3581 et
641 3511 731 3585 hauc
744 3510 991 3606 loquacitatem
1001 3515 1163 3600 nostram

91 3604 189 3678 vultu
207 3605 519 3705 ipso'aspeetuque
538 3617 754 3681 conterreat:
780 3610 851 3704 qui,
880 3631 1088 3703 quamquam
1102 3617 1158 3680 est

94 3700 133 3772 iu
148 3702 301 3776 dicendo
316 3706 766 3786 minime-contemnendus,
780 3705 966 3803 prudentia
976 3713 1094 3777 tamen
1107 3731 1157 3779 re

93 3823 387 3898 rummagnarum
399 3805 519 3901 magis,
536 3807 642 3900 quam
653 3804 791 3884 dicendi
804 3815 886 3883 arte,
902 3802 1037 3878 nititur.
1087 3803 1123 3876 N
1124 3832 1158 3877 e

94 3899 319 3992 que‘veri),·si
329 3903 410 3998 ¹quis
427 3912 619 3998 utrumque
633 3913 760 4000 potest,
776 3911 834 3976 aut
845 3902 903 3974 ille
916 3903 1051 3976 consilii
1074 3906 1157 3996 pub

92 3996 147 4068 lici
159 4009 279 4087 auctor
293 4009 487 4074 aesenater
503 4003 617 4076 bonus
631 4003 675 4074 ob
690 4027 766 4074 eam
778 4002 886 4097 ipsam
910 4025 1063 4074 caussam
1087 4021 1156 4068 ora·

92 4103 147 4166 tor
156 4109 220 4184 sst3
235 4099 378 4172 authic
395 4100 548 4172 disertus
560 4112 664 4198 atque
687 4102 867 4196 eloquens,
893 4101 920 4171 si
944 4109 998 4172 est
1008 4097 1099 4201 idern
1119 4093 1157 4165 iu
1243 4105 1254 4163 .“

92 4199 339 4298 procreatione
371 4198 518 4272 civitatis
547 4199 717 4297 egregius,
765 4199 938 4295 saliquam
977 4192 1158 4268 scientum

135 4347 299 4434 antiquam
311 4355 473 4440 erientiam]
494 4364 514 4422 i.
530 4382 555 4422 e.
570 4365 660 4423 ullam
689 4362 863 4430 scientiam
884 4371 917 4416 ut
939 4357 968 4414 in
985 4354 1016 4412 ii.
1041 4355 1083 4411 ld.
1103 4377 1157 4414 nen

93 4443 244 4505 utilitatem
258 4437 384 4517 aliquam
397 4447 438 4500 ad
449 4447 593 4507 dicendum
607 4454 759 4519 aucupans,
773 4457 828 4507 etc.
862 4437 923 4496 Sed
947 4453 1005 4496 vox
1027 4438 1157 4511 aliquam,
