2830 5014
197 363 254 418 232
608 351 666 412 DE
686 349 892 415 ORA'NRE

244 501 355 578 XXll.
392 499 489 572 Tum
519 497 678 588 Catulus,
706 499 985 596 Haudquaquam
1014 496 1159 582 hercle„
1178 499 1306 598 inquit,

196 603 328 680 Crasse,
352 595 547 672 mirandum
563 607 628 678 est,
652 621 727 669 esse
743 598 781 670 in
803 609 838 670 te
855 607 987 670 tantam
1004 596 1141 669 dicendi
1157 600 1211 672 vel
1227 601 1310 680 vim,

194 701 249 772 vel
262 698 476 777 suavitatem,
499 697 553 769 vel
565 696 697 794 copiam
709 721 718 778 ;
743 721 848 792 quem
858 695 999 791 quidem
1010 705 1110 768 antea
1123 707 1246 770 natura
1259 723 1310 769 re·

193 799 254 870 bar
267 797 312 870 ita
322 796 447 878 dicere,
473 804 513 867 ut
530 793 613 867 mihi
626 818 698 866 non
731 794 844 866 solam
861 803 972 866 orator
985 819 1153 875 summus,
1175 795 1238 867 sed
1250 796 1311 868 eti-

194 921 249 972 am
273 893 547 992 sapientissimus
568 894 669 966 homo
691 891 864 966 viderere:
890 917 987 966 nuno
1009 892 1171 988 intelligo,
1197 895 1256 966 illa
1270 903 1311 967 te

194 1019 329 1090 semper
346 991 446 1065 etiarn
471 993 600 1090 potiora
625 989 775 1072 duxisse,
800 1013 882 1088 quse
899 991 942 1062 ad
968 989 1164 1088 sapientiam
1181 1002 1312 1088 specta·

192 1102 285 1171 rent,
301 1101 407 1188 atque
419 1116 464 1164 ex
476 1090 528 1162 his
539 1090 629 1178 hanc
640 1089 780 1162 dicendi
793 1092 924 1186 copiam
935 1089 1092 1161 fluxisse:
1108 1089 1170 1160 sed
1180 1099 1314 1170 tamen,

192 1188 275 1263 cnm
299 1213 420 1260 omnes
444 1187 568 1285 gradus
590 1187 705 1258 aetaus
728 1189 891 1262 recordor
913 1199 998 1266 tuae,
1028 1185 1183 1284 eumque
1206 1189 1315 1263 sitam

193 1296 290 1360 tuam
299 1311 338 1358 ae
348 1284 462 1360 studia
477 1283 683 1366 consider03
707 1307 836 1377 neque,
858 1309 931 1379 quo
942 1287 1174 1380 temporeista
1186 1286 1315 1360 didiae·

192 1385 251 1467 ris,
275 1385 393 1470 videm
417 1407 485 1456 nec
499 1403 707 1478 magnopere
723 1389 759 1450 te
775 1379 849 1452 istis
864 1381 990 1452 studiis
1006 1382 1203 1454 hominibus
1219 1385 1316 1458 libris

193 1482 355 1580 intelligo
369 1481 548 1565 deditum3
572 1502 690 1576 neque
709 1488 827 1550 tamen
844 1501 986 1574 possum
1006 1487 1170 1562 statuere,
1188 1483 1316 1558 utrtim

194 1583 303 1678 magis
318 1580 431 1661 mirer,
457 1589 493 1653 te
509 1577 566 1650 illa
581 1599 663 1673 quae
675 1574 759 1648 mihi
772 1575 956 1672 persuades
971 1575 1117 1650 maxima
1128 1603 1205 1650 esse
1215 1581 1316 1676 adju-

193 1689 313 1752 menta
333 1678 488 1776 potuisse
515 1677 551 1748 in
574 1675 644 1748 tuis
663 1675 773 1747 tantis
792 1674 1075 1770 occupationibus
1094 1676 1317 1772 perdiscere3

195 1799 253 1858 an,
266 1779 293 1850 si
309 1801 384 1850 non
394 1776 558 1876 potueris,
576 1799 679 1872 posse
690 1772 872 1852 istomodo
882 1772 1006 1844 disere.
1055 1771 1133 1844 Hie
1148 1773 1315 1858 Crassus,

194 1871 282 1950 Ηοο
306 1876 379 1957 tibi,
405 1875 530 1970 inquit,
555 1874 691 1956 Catule,
717 1871 867 1971 primirm
891 1868 1092 1968 persuadeas
1117 1869 1228 1952 uelim,
1256 1897 1314 1946 me

88 2003 91 2011 ¹
193 1995 269 2044 non
284 1975 397 2043 multo
407 1973 644 2050 assuefacere,
668 1972 750 2042 oiim
762 1971 807 2042 de
819 1978 953 2040 oratore
963 1967 1150 2064 disputem,
1174 1995 1214 2043 ac
1224 1969 1313 2044 lace·

193 2091 278 2148 rem,
294 2068 341 2141 sit
357 2092 433 2140 esse
447 2068 531 2140 mihi
549 2067 592 2138 de
609 2067 776 2140 histrione
800 2067 1007 2139 dicendum:
1032 2089 1196 2162 negarem
1217 2069 1312 2145 enim

193 2189 299 2264 posse
310 2191 391 2238 eum
401 2167 597 2239 satisfacere
609 2165 647 2237 in
657 2172 768 2262 gestu,
794 2164 1085 2260 nisipal'aestram,
1101 2165 1177 2264 nisi
1188 2168 1309 2240 saltare

194 2263 393 2350 didicisset3
418 2289 545 2361 neque,
569 2289 613 2336 ea
623 2264 703 2338 oum
715 2263 868 2336 dicerem
880 2285 937 2334 me
949 2287 1026 2336 esse
1040 2261 1243 2338 histrionem
1252 2289 1311 2338 ue-

195 2385 293 2434 cesse
309 2373 410 2441 esset,
426 2365 489 2434 sed
506 2364 649 2434 fortasse
664 2386 738 2434 non
757 2362 907 2432 stultum
925 2361 1030 2432 alieni
1046 2361 1180 2435 artificii
1196 2364 1309 2436 existi-

193 2470 372 2530 matorem.
422 2459 586 2528 Similiter
601 2481 700 2526 nuno
715 2459 759 2526 de
775 2467 922 2537 oratore,
949 2468 1064 2531 vestro
1080 2460 1238 2558 impulsu,
1260 2462 1310 2536 lo

193 2579 294 2650 quor,
318 2577 453 2626 summo
478 2553 607 2624 scilicet
619 2582 630 2640 ;
651 2577 785 2649 semper
800 2554 905 2636 euim,
930 2569 1165 2655 quacumque*
1177 2561 1220 2632 de
1236 2571 1309 2634 arte

192 2663 254 2724 aut
270 2652 434 2726 facultate
444 2650 626 2746 quoeritur,
651 2649 695 2721 de
706 2650 865 2722 absoluta
875 2661 917 2723 et
926 2655 1076 2751 perfecta
1089 2660 1196 2750 quaeri
1207 2661 1309 2741 solet,

192 2751 313 2833 Quare
331 2749 358 2822 si
372 2751 441 2846 jam
457 2772 513 2824 me
529 2747 634 2820 vultis
644 2771 721 2818 esse
732 2757 909 2832 oratorem,
932 2753 963 2853 'si
981 2753 1084 2826 etiam
1100 2765 1151 2826 sat
1168 2757 1310 2840 bonum,

193 2849 369 2921 sibonum
390 2847 556 2943 denique,
582 2871 655 2920 non
672 2850 872 2942 repugnabo
889 2851 992 2947 (quid
1013 2853 1103 2924 enim
1119 2851 1227 2926 nuno
1244 2857 1312 2930 sim

192 2945 360 3044 ineptus?
384 2947 433 3019 ita
447 2969 505 3016 me
521 2943 708 3016 existimari
727 2945 828 3036 scio):
854 2949 985 3042 quodsi
998 2949 1125 3028 ,itaest
1150 2973 1313 3026 summus

192 3053 320 3116 tamen,
330 3045 426 3118 certe
445 3067 519 3116 non
535 3065 612 3114 sum
629 3069 636 3114 :
662 3045 888 3139 nequeenim
905 3048 995 3144 apud
1011 3047 1165 3120 homines
1180 3073 1238 3121 res
1255 3063 1311 3124 est
1371 3133 1375 3140 ,

192 3143 261 3214 ulla
277 3142 456 3223 difficilior,
484 3165 602 3236 neque
625 3141 742 3238 major,
767 3161 976 3248 nequeqnae
993 3145 1088 3242 plura
1108 3146 1309 3244 adjumenta

192 3239 365 3312 doctrinae
382 3241 565 3312 desideret.
616 3240 791 3320 Attamen,
817 3245 981 3336 quoniam
993 3243 1035 3314 de
1048 3256 1186 3318 oratore
1205 3247 1307 3322 nobis

193 3337 442 3438 disputandum
463 3346 527 3418 est,
552 3335 597 3408 de
618 3361 756 3412 summo
777 3349 912 3412 oratore
935 3341 1046 3414 dicam
1070 3368 1214 3416 necesse
1232 3359 1305 3420 est:

192 3436 242 3507 vis
254 3437 346 3508 enim
356 3446 394 3509 et
405 3445 527 3510 natura
537 3432 595 3514 rei,
605 3435 670 3506 nisi
680 3435 832 3530 perfecta
840 3447 924 3510 ante
936 3441 1055 3512 oculos
1065 3443 1219 3536 ponitur,
1229 3469 1306 3540 qua·

192 3601 291 3670 modo,
313 3599 431 3660 luerunt
451 3601 548 3657 Corax
571 3607 602 3656 et
625 3597 807 3674 Pamphilus,
828 3618 886 3658 non
900 3613 1039 3674 oratores,
1066 3606 1121 3664 sed
1147 3607 1303 3674 rhetores;

191 3695 300 3752 nempe
316 3683 465 3740 rhetorum
476 3681 584 3736 horum
594 3689 624 3736 et
633 3677 755 3738 aliorum
768 3678 962 3757 ignorantiam
973 3683 1045 3743 etim
1056 3683 1226 3759 pudentiam
1237 3704 1306 3744 exa·

188 3754 265 3832 girat
282 3759 417 3828 Crassus,
430 3759 480 3834 qui
493 3761 827 3836 praeceptaeloquentiae
837 3763 994 3833 tradebant,
1005 3763 1073 3824 ciam
1083 3781 1204 3823 ornnem
1213 3783 1308 3824 mora·
1332 3809 1335 3816 -

190 3837 252 3892 lem
265 3837 489 3912 philosophiam,
499 3857 566 3914 quae
577 3836 706 3896 maxime
721 3839 828 3899 oratori
841 3841 1005 3900 necessaria
1016 3855 1102 3912 esset,
1113 3842 1283 3918 ignorarent
1297 3865 1305 3900 ε

191 3934 281 3992 quare
295 3913 512 3975 rescribendum
535 3936 650 3986 censeo,
672 3937 834 3989 quoanemo
856 3923 1008 3980 rhetorum
1033 3925 1157 3982 istorum
1170 3943 1307 3996 uniquam

191 3999 297 4070 attigit.
339 3995 452 4054 Ultima
465 3995 548 4056 litera
563 3996 643 4058 votis
655 4017 734 4054 nemo
749 3998 896 4074 geminata
908 4001 976 4059 huic
990 4002 1083 4060 errori
1096 4015 1193 4061 ortum
1201 4003 1305 4062 dedit:

191 4087 223 4134 et
242 4078 314 4135 hanc
340 4093 439 4135 veram
466 4095 531 4136 esse
552 4077 708 4137 lectionem
725 4080 878 4152 proboex
897 4079 917 4136 i.
943 4088 986 4138 19.
1029 4083 1097 4140 Her
1119 4096 1219 4140 aurem*
1235 4083 1267 4158 (i.
1279 4101 1306 4140 e.

189 4155 317 4215 rationes
326 4153 462 4214 movendi
471 4155 623 4215 hominum
637 4157 766 4234 mentes)
777 4175 838 4215 esse
846 4162 965 4228 {temtus
977 4167 1007 4218 in
1024 4167 1117 4220 media
1126 4165 1309 4230 philosophia

190 4246 304 4291 retrusa
318 4249 405 4306 atque
423 4241 530 4304 abdite,
544 4252 632 4311 quam
646 4239 697 4292 isti
711 4239 843 4294 rhetores
854 4257 889 4294 ne
898 4243 1082 4310 primoribus
1092 4245 1206 4313 quidem
1219 4244 1308 4300 labris

191 4309 364 4383 ettigelant.
405 4313 504 4383 Vides,
525 4318 626 4382 lector,
637 4313 668 4372 in
685 4327 810 4391 utroque
828 4319 893 4376 loco
915 4319 974 4378 dici
988 4325 1119 4380 rhetoras
1141 4337 1307 4394 numquam

190 4389 435 4464 philosophorum
462 4392 549 4450 libros
563 4392 694 4467 legisse:
727 4397 769 4452 Ut
782 4394 814 4452 in
828 4395 879 4454 illo
901 4397 998 4475 primo
1011 4398 1085 4458 libro
1097 4417 1151 4474 pro
1163 4419 1224 4470 que
1237 4402 1307 4476 lego

191 4485 283 4536 quam,
297 4482 327 4556 et
339 4489 377 4526 ex
387 4473 454 4538 hoc,
465 4483 555 4546 quem
565 4474 699 4546 expendo
713 4476 786 4545 loco,
800 4493 867 4538 earn
877 4479 1034 4541 lectionem
1048 4483 1155 4556 probol,
1175 4479 1215 4538 ita
1225 4480 1306 4538 hunc

190 4544 288 4604 locum
300 4546 383 4606 istius
393 4547 450 4607 loci
459 4549 629 4612 auctoritate
644 4553 779 4612 emendo.
1010 4571 1012 4573 ’
