2830 5014
201 340 260 400 sio
624 337 684 398 os
704 337 918 415 onerose·

199 493 272 560 tem
289 484 500 581 eloquentiae
525 483 622 560 t'nnts
646 494 714 567 est,
739 497 780 560 ut
804 486 960 560 omniurn
985 511 1110 570 rerum,
1135 486 1313 572 virtutum,

198 583 398 666 officiorum,
424 586 610 688 omnisque
622 599 771 666 neturae,
795 609 878 682 quae
888 610 1000 660 mores
1011 585 1205 670 hominum,
1228 613 1312 686 quse

196 681 342 762 animos,
367 707 450 780 qnoe
479 683 583 758 vitem
604 685 774 766 continet,
800 685 968 779 originem
991 685 1059 761 vim
1091 686 1313 760 mutationes·

196 803 267 876 que
292 790 430 856 teneat:
460 783 581 856 eadem
606 807 730 862 mores,
755 783 861 878 leges,
882 783 958 878 jura
984 783 1166 860 describat.
1214 787 1313 860 Rem·

192 879 366 976 publicam
391 891 496 976 regat,
522 881 744 977 ³omniaque,
768 883 812 954 ad
839 907 1096 978 quamcumque
1122 909 1192 958 rem
1214 885 1314 980 perti·

194 989 313 1060 noent,
339 982 460 1052 ornati
478 981 689 1078 copioseque
704 980 804 1054 dicat.
855 982 898 1054 ln
916 1005 989 1078 quo
1013 1007 1140 1078 genere
1156 1007 1222 1054 nos
1238 982 1311 1078 qui·

193 1075 274 1148 dem
290 1101 463 1150 versamur
486 1088 636 1159 tentum,
661 1088 834 1176 quantum
854 1104 1053 1175 possumus,
1079 1081 1314 1177 quantumin-

190 1175 309 1270 genio,
333 1185 507 1270 quantum
520 1177 687 1248 mediocri
699 1177 869 1257 doctrina,
885 1191 1134 1276 quantumosu
1147 1181 1314 1252 valemus:

191 1295 307 1368 neque
320 1281 436 1346 temen
453 1271 540 1356 istis,
564 1273 624 1369 qui
637 1275 674 1344 in
687 1299 754 1346 una
765 1275 983 1372 philosophia
995 1277 1092 1372 quasi
1112 1281 1315 1351 tabernacu-

191 1371 267 1444 lum
290 1371 371 1444 vitae
384 1393 458 1444 suse
485 1371 710 1454 collocarunt,
736 1369 885 1448 multum
907 1375 990 1446 sane
1020 1375 1057 1448 in
1075 1375 1312 1472 disputatione

190 1471 429 1545 concedimus.

239 1569 335 1642 XXI.
362 1567 566 1650 Quidenim
578 1591 678 1642 meus
688 1568 859 1642 familiaris
871 1569 913 1642 C.
938 1567 1104 1642 Velleius
1119 1571 1241 1644 efferre
1253 1597 1317 1670 po-

190 1675 271 1748 test,
297 1670 521 1764 quemobrem
533 1668 690 1765 voluptas
704 1669 749 1740 sit
770 1691 943 1740 summum
969 1669 1110 1749 bonum,
1135 1670 1231 1765 quod
1243 1695 1317 1765 ego

189 1789 263 1838 non
281 1767 456 1880 copiosius
480 1766 609 1864 possim
626 1768 679 1838 vel
697 1766 814 1847 tutari,
838 1768 867 1839 si
883 1765 996 1846 velim,
1021 1767 1076 1838 vel
1091 1766 1248 1839 refellere
1266 1793 1317 1844 ex

187 1862 257 1938 illis
275 1864 372 1949 loeis,
399 1890 488 1963 quos
505 1866 670 1964 exposuit
687 1864 879 1946 Antonius,
906 1863 969 1938 hac
986 1863 1123 1936 dicendi
1149 1866 1315 1938 exercite·

188 1961 299 2042 lione,
325 1965 364 2034 in
389 1989 458 2060 qua
482 1964 645 2036 Velleius
671 1974 724 2035 est
745 1962 851 2042 rudis,
877 1962 1121 2058 unusquisque
1145 1962 1312 2038 nostrtim

186 2059 367 2132 versatus?
391 2060 491 2143 Quid
514 2070 577 2141 est,
600 2061 695 2156 quod
727 2075 791 2132 aut
819 2061 916 2132 Sext.
934 2061 1130 2156 Pompeius,
1160 2069 1222 2132 aut
1239 2059 1310 2134 duo

188 2157 299 2239 Balbi,
324 2167 504 2232 autmeus
530 2155 671 2240 amicos,
697 2158 756 2254 qui
774 2182 854 2229 oum
879 2158 1040 2230 Peucetio
1065 2157 1150 2230 vixit
1169 2159 1219 2231 M.
1246 2160 1304 2232 Vi·

185 2257 340 2353 gellius4
355 2258 549 2340 devincto,
576 2256 736 2330 homines
749 2253 867 2338 Stoici,
881 2257 1015 2352 possint
1033 2255 1162 2338 dicere,
1185 2281 1254 2352 que
1268 2256 1309 2334 in

185 2355 423 2452 disputatione
441 2382 509 2453 ego
524 2356 577 2428 his
596 2356 750 2435 debeam,
775 2373 835 2426 eut
852 2353 1004 2426 vestrum
1025 2354 1208 2452 quisquam
1224 2371 1319 2432 oon-'

184 2452 338 2523 cedere?
363 2455 448 2526 Non
471 2463 526 2523 est
548 2454 642 2524 enim
655 2452 867 2546 philosophie
878 2451 998 2523 similis
1013 2453 1140 2526 artium
1163 2454 1306 2550 reliqua·

182 2573 278 2621 rum:
295 2573 380 2620 nam
396 2549 481 2645 quid
491 2547 591 2620 faciet
601 2548 639 2620 in
649 2549 846 2644 geometria,
863 2548 1012 2646 quinon
1029 2551 1208 2626 didicerit?
1221 2553 1307 2650 quid

181 2644 221 2718 in
237 2645 397 2721 musicis?
412 2657 472 2720 sut
484 2655 596 2722 taceat
608 2646 793 2743 oportebit,
818 2657 880 2718 sut
893 2672 938 2718 ne
951 2671 1055 2722 sonus
1068 2651 1208 2746 quidem
1216 2652 1309 2749 judi-

181 2753 303 2818 cetur:
335 2746 414 2818 haeo
440 2742 534 2825 vero,
566 2767 648 2840 quse
674 2745 821 2817 suntin
849 2744 1074 2846 philosophie,
1105 2750 1121 2798 ⁵
1155 2749 1309 2846 ingeniis

181 2853 354 2917 eruuntur
370 2845 472 2924 adid,
491 2846 585 2940 quod
602 2845 638 2916 in
657 2869 797 2941 quoque
809 2843 993 2918 verisimile
1010 2857 1074 2925 est,
1092 2846 1310 2926 eliciendum

180 2945 292 3017 scutis
316 2955 421 3040 atque
438 2942 585 3023 acribus,
611 2967 720 3038 eaque
739 2941 927 3016 exercitata
943 2942 1095 3016 oratione
1110 2943 1309 3040 poliuntur.

180 3040 295 3124 6Ηίο,
318 3041 376 3116 hie
392 3053 514 3114 noster
526 3042 672 3138 vulgaris
682 3053 807 3124 orator,
833 3041 993 3116 siminus
1008 3042 1073 3114 erit
1089 3041 1228 3124 doctus,
1255 3059 1308 3122 at-

220 3183 236 3233 3
250 3175 416 3252 omniaque,
429 3180 469 3232 cni
483 3159 696 3256 quamcunque]
710 3177 753 3233 lte
768 3175 835 3232 MS.
851 3177 948 3234 Mead.
960 3189 992 3234 et
1005 3173 1217 3234 vetustissimae
1235 3181 1305 3242 duae

179 3257 334 3325 editiones,
350 3257 412 3314 vice
435 3260 560 3332 vulgetae
586 3255 717 3313 lectionis
737 3260 839 3324 οπιηὶα,
862 3275 928 3328 qua,
953 3267 1008 3314 etc.
1062 3255 1233 3314 Monendus
1255 3273 1303 3322 est

178 3337 267 3400 etium
282 3339 376 3394 lector
389 3337 567 3396 Lambinum
582 3338 683 3412 legere
695 3355 837 3408 quamque
851 3353 904 3410 pro
918 3353 1112 3408 quamcunque
1123 3357 1135 3400 ,·
1166 3337 1218 3394 sed
1242 3358 1302 3400 non

176 3436 252 3494 opus
265 3429 311 3476 est
322 3413 378 3474 istit
389 3415 609 3480 emendatione:
632 3413 680 3471 Sic
695 3417 775 3473 enirn
792 3417 900 3473 Noster
912 3415 942 3473 in
961 3416 990 3473 ii.
1013 3428 1020 3472 ι
1032 3424 1056 3472 1.
1099 3419 1154 3472 Sed
1167 3435 1223 3471 non
1234 3438 1299 3478 om.

175 3499 232 3568 nia,
245 3515 429 3574 quaecunque
443 3499 596 3566 loquimur,
610 3495 677 3548 milri
691 3497 829 3550 videntur
841 3499 1030 3565 adpraecefita
1044 3515 1106 3552 esse
1120 3503 1295 3556 revocanda.

217 3587 235 3632 4
249 3581 283 3634 de
299 3580 421 3643 virtute,
436 3573 570 3632 homines
581 3575 679 3642 Stoici,
688 3575 800 3643 possint
810 3577 912 3642 dicere,
924 3575 998 3654 etc]
1013 3577 1057 3633 lta
1063 3574 1216 3634 ediderunt
1226 3582 1299 3637 Asc.

176 3669 208 3719 et
222 3657 335 3714 Manui.
377 3657 411 3714 ln
425 3653 638 3713 recentioribus
653 3651 725 3712 verb
740 3653 914 3714 editionibus
934 3657 1064 3732 legimus
1077 3658 1190 3712 virtute
1205 3657 1301 3716 horni-

176 3753 249 3793 num
266 3737 360 3805 Stoici,
375 3749 430 3794 etc
472 3733 576 3794 Minis
587 3737 706 3809 elegans
722 3733 836 3796 videtur
844 3736 921 3794 istud
935 3740 1033 3792 virius
1046 3738 1188 3792 hominum
1201 3757 1212 3794 .·
1232 3755 1300 3812 pas·

174 3813 234 3884 sim
246 3813 325 3872 enim
335 3815 364 3872 in
374 3817 429 3872 hoc
440 3814 522 3889 libro,
533 3835 602 3874 cum
611 3816 649 3872 de
663 3820 777 3872 virtute
792 3815 921 3892 loquitur
935 3815 1049 3881 Cicero,
1060 3814 1139 3873 istud
1154 3821 1299 3875 nominum

173 3894 295 3958 omittit.
337 3897 427 3950 Homo
445 3896 554 3952 Stoicen
570 3893 685 3963 dicitur,
699 3909 731 3954 ut
744 3895 774 3952 in
788 3894 818 3951 ii.
830 3903 876 3952 to.
890 3902 970 3952 tomo
985 3898 1097 3952 histrio.

214 3979 366 4049 singeniis
390 3973 551 4056 eruuntur]
572 3977 656 4036 Ordo
669 3977 826 4034 verborum
850 3974 898 4034 hic
922 3987 985 4042 est3
1007 3983 1155 4032 eruuntur
1173 3978 1300 4050 ingeniis

172 4062 361 4130 continetque
371 4057 486 4112 acribus
500 4060 539 4110 acl
552 4061 720 4115 eliciendum
732 4058 771 4122 id,
786 4058 870 4126 qood,
878 4068 947 4114 etc:
970 4055 1083 4112 Sensus
1097 4051 1168 4115 vero
1183 4055 1231 4114 hic
1241 4067 1297 4134 est,

172 4137 322 4209 Quoniam
337 4139 454 4196 Natura
467 4135 550 4194 nobis
564 4140 709 4196 elementa
729 4135 793 4193 sive
806 4135 948 4211 principis
962 4132 1155 4210 philosophice
1180 4133 1296 4205 insevit,

171 4215 202 4284 ii,
218 4218 269 4296 qui
283 4216 400 4292 praediti
424 4230 490 4274 sunt
505 4217 631 4292 ingeniis
641 4217 733 4275 acutis
747 4229 777 4272 et
794 4214 920 4283 acribus,
935 4213 1020 4273 facilc
1033 4235 1068 4272 ea
1091 4212 1242 4276 invenient
1265 4228 1296 4274 et

173 4312 280 4363 eruent
303 4315 369 4374 quae
400 4309 467 4355 sunt
490 4297 518 4354 in
535 4297 718 4372 philosophia
730 4293 908 4371 probabilius
931 4307 970 4366 et,
985 4295 1011 4353 si
1022 4294 1113 4353 iidem
1125 4289 1156 4351 in
1171 4293 1295 4354 dicendo

172 4376 328 4433 exercitati
342 4391 417 4447 sunt,
427 4396 462 4434 ea
473 4376 603 4435 ,oratione
616 4378 766 4433 ornabunt.

213 4461 230 4509 6
246 4454 314 4522 Hic,
329 4459 373 4512 llic
383 4461 625 4527 nosteroslgaris
640 4452 762 4534 orator,]
783 4456 884 4515 Lamb.
899 4454 998 4514 Editio
1018 4454 1143 4522 Veneta,
1158 4463 1189 4512 et
1209 4451 1291 4513 Msti

172 4533 255 4601 cant.
271 4533 352 4594 Harl.
366 4541 394 4600 2.
404 4537 495 4614 Weg·
514 4536 591 4602 Νῦν.
602 4547 634 4596 et
648 4535 720 4604 Bod.
735 4534 877 4604 exhibent
896 4540 962 4602 Hoc
984 4545 1092 4608 noster,
1105 4547 1161 4595 etc.
1176 4532 1289 4604 omisso
