2830 5014
234 397 289 456 trs
572 361 575 366 λ
655 345 713 448 Di:
732 352 936 448 ORATORh

234 537 381 612 mulsum
396 527 556 634 frigidum
580 533 719 618 biberet,
749 531 889 609 simulac
916 529 1058 606 doinum
1073 527 1241 603 redisset:
1258 541 1339 625 trer-

234 635 322 716 dam,
339 631 464 728 inquit,
476 657 598 714 uocem,
616 636 647 708 si
662 633 699 706 id
703 635 828 726 fecero
838 658 849 701 .·
874 631 1000 703 melius
1022 641 1082 712 est,
1103 630 1227 726 inquit,
1243 629 1340 722 quum

233 755 342 804 rcum.
390 731 528 804 Bellum
541 730 644 804 etiam
658 740 722 811 est,
740 731 832 808 eum,
845 727 929 824 quid
951 729 1078 824 cuique
1103 727 1148 799 sit
1166 739 1339 799 consenta-

235 851 353 908 neum,
369 827 516 916 dicitur,
542 837 581 900 ut
606 827 686 900 cum
713 827 861 900 Scaurus
892 825 1096 898 nonnullam
1113 825 1255 896 haberet·
1269 823 1343 896 invi-

235 925 324 998 diam
340 951 385 1000 ex
396 951 449 1009 eo,
472 925 571 1026 quod
584 924 791 1024 Phrygionis
802 923 972 1020 Pompeii,
988 922 1170 1019 locupletis
1187 921 1344 1000 hominis,

223 1024 324 1114 ¹bona
347 1023 421 1095 sine
449 1021 661 1096 testamento
693 1020 1134 1120 possederatsederetque
1160 1019 1343 1091 advocatus

235 1144 295 1192 reo
311 1121 453 1201 Bestiae,
470 1121 550 1192 cum
567 1122 675 1194 sunus
703 1119 876 1218 quoddam
893 1119 1091 1199 duceretur,
1116 1121 1293 1190 accusator
1308 1117 1345 1187 C.

234 1217 434 1298 Memmius,
461 1217 548 1296 u'de,
565 1218 691 1312 inquit,
709 1219 850 1298 Sceuae,
870 1227 1019 1290 multius
1033 1217 1194 1311 rapitur,
1211 1217 1346 1312 si'poles

234 1337 308 1388 esse
314 1327 496 1413 possessor.
547 1314 615 1386 Sed
632 1339 677 1386 ex
702 1313 755 1384 his
780 1313 939 1383 omnibus
958 1315 1044 1386 nihil
1066 1313 1183 1410 magis·
1205 1312 1347 1390 ridetur,

235 1416 343 1510 quum
360 1412 454 1508 quod
475 1421 529 1484 est
546 1421 674 1508 praeter
698 1409 1018 1506 exspectationem
1044 1411 1143 1504 cujus
1156 1410 1349 1482 innumera-

234 1508 312 1584 bilia
324 1507 409 1583 sunl
421 1509 590 1606 exempla,
601 1531 618 1580 s
628 1507 799 1606 vel‘Appii
814 1507 949 1604 majoris
962 1508 1069 1587 illius,
1087 1506 1158 1602 qui,
1173 1507 1210 1579 in
1221 1517 1351 1580 senatu

234 1608 316 1682 curn
325 1617 487 1704 ageretur
502 1607 546 1678 de
555 1607 643 1704 agris
656 1607 804 1704 publicis
818 1618 856 1678 et
868 1607 911 1677 de
922 1606 998 1702 lege
1012 1603 1154 1685 Thoria,
1172 1613 1206 1675 et
1217 1607 1352 1702 preme·

234 1717 329 1780 retur
344 1705 546 1778 ⁵Lucullus
556 1709 599 1778 ab
610 1705 663 1784 iis,
672 1704 731 1802 qui
744 1703 764 1774 ὲ
778 1729 900 1801 pecore
911 1705 985 1800 ejus
1002 1703 1139 1800 depasci
1152 1725 1252 1796 agros
1268 1705 1353 1798 puh

115 1845 117 1850 ·
235 1805 320 1878 licos
336 1803 523 1888 dicerent3
546 1829 609 1877 uon
621 1813 681 1882 est,
693 1802 816 1898 inquit,
832 1801 1086 1898 ercullipccus
1098 1801 1199 1876 illud,
1215 1802 1351 1878 erratis,

236 1901 440 1996 (defendere
467 1901 657 1990 Lucullum
685 1897 972 1992 videbatur),'ego
1002 1897 1240 1994 liberumputo
1257 1921 1349 1969 esse:

234 2021 302 2090 qua
317 1995 419 2076 lubet,
433 2001 603 2092 poscitur.
669 1997 789 2070 Placet
817 1997 922 2066 etiam
954 1994 1038 2067 mihi
1071 1993 1158 2067 illud
1187 1993 1351 2090 Su'pionis

236 2093 338 2173 illius,
360 2091 421 2190 qui
446 2092 525 2164 Tib.
554 2091 753 2166 Gracchum
771 2093 938 2189 perculit:
953 2093 1046 2188 *cum
1063 2091 1095 2164 ei
1124 2091 1176 2162 M.
1206 2091 1350 2176 Flaccus

236 2191 357 2266 multis
374 2191 504 2289 probris
520 2189 661 2286 objectis
692 2193 731 2263 P.
750 2191 907 2262 Mutium
920 2189 1074 2286 judicem
1089 2190 1247 2273 tulisset,
1264 2192 1350 2280 ejerc

227 2289 370 2386 ⁸inquit3
395 2292 530 2382 iniquus
545 2299 619 2362 est:
644 2290 726 2362 oum
738 2299 828 2362 esset
839 2289 1149 2370 adruunnuraturu,
1160 2289 1212 2371 ub,
1230 2288 1348 2385 inquit,

235 2388 362 2460 Patres
378 2389 568 2480 corucrrpli,
585 2389 673 2458 ⁶uou
688 2409 754 2476 ego
782 2389 867 2456 utili
891 2387 992 2456 illum
1008 2385 1161 2478 iniquum
1185 2387 1290 2476 ejero,
1305 2411 1350 2458 ue·
1388 2417 1390 2426 ’

235 2485 315 2555 rum
330 2481 489 2552 omnus
552 2481 608 2552 Ab
637 2481 703 2552 hoc
720 2479 802 2552 terh
821 2483 948 2553 Crasso
964 2481 1050 2554 nihil
1066 2483 1232 2556 facetius:
1275 2485 1349 2559 ctlm

235 2577 383 2652 laesisset
398 2576 498 2658 testis
520 2577 613 2651 Silus
643 2577 854 2659 Pisonem,⁷
870 2577 1023 2676 quodse
1053 2581 1090 2652 in
1106 2607 1188 2654 eum
1219 2584 1349 2655 audisse

235 2675 391 2756 dixisset,
416 2684 529 2770 potest
545 2677 645 2768 sieri,
664 2675 818 2771 inquit,¹
836 2677 925 2758 Sile,
943 2679 1192 2758 anticaudae
1216 2681 1349 2754 credisse

144 2869 148 2874 ι
235 2773 322 2862 elicis
336 2771 604 2847 iratusdiseril:
636 2773 760 2846 annuit
784 2775 894 2848 Silus:
910 2783 1025 2872 potest
1056 2779 1169 2858 suum,
1187 2787 1280 2862 ullu
1296 2801 1349 2850 ruu

230 2877 330 2946 recle
343 2869 581 2944 intellexeris:
622 2871 657 2942 id
685 2895 828 2968 quoque
853 2880 929 2944 toto
945 2871 1057 2968 capite
1079 2873 1213 2954 annuit,
1243 2887 1287 2950 ut
1314 2898 1347 2947 se

234 2972 361 3044 Crasso
376 2968 491 3042 daret:
512 2978 624 3064 polest
634 2972 736 3052 etium
742 2971 841 3062 fieri,
858 2967 983 3064 inquit,
995 2978 1039 3039 ‘ut
1053 2971 1193 3051 omniuo,
1210 2974 1305 3064 quod
1323 2985 1347 3045 te

235 3069 369 3142 audisse
384 3065 483 3148 dicis,
495 3089 674 3162 numquam
689 3067 866 3140 audieris:
888 3067 954 3140 hoc
965 3065 1013 3137 ita
1028 3074 1158 3162 praeter
1175 3081 1344 3166 exspecta·

233 3167 368 3260 tionem
383 3163 515 3248 accidit,
528 3173 569 3238 ut
586 3175 724 3247 testem,
742 3166 898 3238 omnium
914 3162 1001 3236 risus
1007 3165 1184 3238 obrueret.
1209 3213 1214 3222 -
1235 3166 1347 3265 Hujus

234 3263 371 3360 geneiis
387 3273 442 3336 est
453 3261 583 3360 plenus
595 3259 741 3338 Naevius
752 3273 790 3336 et
797 3263 897 3360 jocus
914 3261 967 3336 est
982 3261 1169 3344 familiaris,

273 3373 512 3442 ——Salriena
522 3377 549 3428 ei
559 3373 678 3444 algebis,
693 3384 807 3446 tremes,

180 3451 188 3469 ⁹
236 3476 271 3542 et
287 3465 351 3538 alia
365 3465 548 3560 permulta.

201 3661 206 3668 .
275 3610 293 3658 4
308 3605 357 3659 vel
369 3601 474 3679 Appii]
492 3601 621 3673 Rectius,
635 3605 745 3684 opinor,
760 3607 841 3686 legas
851 3615 931 3670 uelut
944 3611 1039 3684 Auru
1214 3673 1217 3678 ,

276 3691 291 3738 5
307 3681 464 3762 Lucullus]
491 3684 602 3761 Vulgo,
619 3686 747 3744 Lucisne
763 3711 774 3747 .·
795 3691 847 3748 sed
860 3687 941 3750 MSti
954 3694 1039 3754 Cane
1055 3693 1147 3768 Wag.
1163 3691 1248 3752 Harl.
1264 3709 1308 3768 pr.
1320 3699 1345 3748 ct

233 3759 320 3851 llllag.
331 3763 591 3850 cumleditionibus
606 3763 699 3825 Streb.
722 3769 883 3828 Melancth.
898 3770 1018 3848 aliisque
1039 3774 1144 3831 habent
1162 3773 1344 3844 Lucullana

234 3842 472 3930 msefluenubus
497 3844 622 3914 Luculli,
646 3847 822 3913 Lucullums
842 3860 875 3907 ut
897 3870 936 3908 ex
959 3864 1075 3910 vetusto
1099 3853 1224 3927 quodam
1252 3849 1344 3908 codice

234 3917 359 3994 Pighius
371 3916 406 3971 ad
418 3933 526 3979 annum
542 3925 581 3981 U.
595 3927 629 3982 C.
643 3933 707 3984 6382.
723 3929 882 4003 legendum
891 3929 1072 4008 conjecerat:
1089 3929 1231 4006 intelligit
1242 3929 1277 3986 L.
1292 3929 1345 3986 Lu·

235 3995 307 4136 cufli
320 4005 443 4070 patrem,
457 4016 546 4079 quem
559 4004 676 4065 avaritia
690 4007 831 4066 infamem
844 4005 935 4084 luisse
949 4009 1049 4070 scribit
1064 4010 1239 4070 Plutarchus
1253 4009 1283 4066 in
1293 4009 1345 4066 Lu·

233 4099 271 4139 cu
295 4097 322 4134 o.
372 4122 375 4126 .
477 4125 479 4130 .

274 4165 293 4215 6
306 4175 363 4212 non
378 4175 439 4248 .ng
454 4161 522 4253 milri
537 4163 615 4219 illum
628 4163 774 4246 iniquum]
807 4164 838 4222 Ρ.
851 4163 967 4226 Mutius
982 4169 1123 4239 Scaevola,
1146 4167 1215 4227 cum
1241 4165 1346 4228 Consu-l

233 4251 322 4306 esset,
337 4237 439 4302 lemor,
455 4257 542 4314 quam
556 4243 663 4312 decuit,
678 4245 708 4302 in
723 4245 789 4302 Tib.
801 4243 939 4304 Graccho
949 4249 1097 4308 tractando
1107 4249 1282 4324 putabatur,
1297 4251 1345 4306 hoc

233 4335 321 4404 sensu
337 4321 466 4375 omuibus
480 4318 498 4375 i.
510 4337 534 4375 e.
549 4319 723 4395 reipublicae,
732 4327 849 4398 iniquus,
860 4327 1002 4395 esse‚dici
1014 4329 1117 4404 potuit.
1138 4328 1199 4386 Sed
1211 4329 1250 4384 de
1266 4342 1348 4388 sensu

232 4395 322 4470 hujus
335 4395 395 4452 loci
408 4397 480 4459 nihil
494 4397 566 4456 certi
581 4401 681 4460 habeo.
696 4451 700 4460 ,
719 4401 721 4406 ’

273 4477 291 4562 ’ζ
307 4472 382 4561 quid
392 4497 421 4531 se
433 4482 461 4533 in
476 4497 538 4536 eum
554 4483 668 4536 audisse
684 4481 836 4560 dixissel‚]
860 4483 914 4542 i.e.
931 4483 1011 4564 quud
1029 4487 1059 4544 in
1075 4483 1246 4546 testimonio
1259 4485 1348 4546 dando

231 4553 410 4706 ἔζιέἔὲῑὲἰιέω
424 4555 556 4630 dixisset,
568 4577 636 4637 quae
651 4577 708 4620 non
722 4561 828 4624 viderit
849 4575 899 4626 aut
913 4565 1053 4644 cognorit,
1075 4567 1126 4628 sed
1140 4563 1238 4626 solum
1252 4564 1347 4628 auditu

266 4649 283 4692 e
378 4671 385 4688 .
