2808 5020
485 299 618 382 -mnsn
637 301 677 362 11.
698 305 745 392 rr.
1123 301 1178 366 rar

76 454 165 521 sunt
176 445 390 546 cogitatione
404 449 681 546 conquirendoe3
706 473 775 524 nec
787 446 921 547 quoties
931 470 1053 522 caussa
1064 449 1181 528 dicen·

73 543 122 618 da
138 552 214 627 est,
224 547 326 620 toties
335 549 379 620 ad
392 545 464 642 ejus
487 572 623 622 caussae
650 549 800 647 seposita
822 559 1027 646 argumenta
1053 549 1182 622 revolvi

72 663 149 714 nos
161 654 298 742 oportet
309 675 321 732 3
345 645 405 719 sed
431 645 556 718 habere
581 655 696 721 certos
722 647 831 729 locos,
846 647 919 744 qui,
942 657 982 722 ut
1007 647 1119 719 literae
1135 647 1181 722 ad

74 742 224 816 verbum
240 744 470 826 scribendum,
488 743 539 816 sic
554 744 604 816 illi
621 744 664 817 ad
680 766 836 818 caussam
858 743 1095 842 explicandam
1118 754 1182 818 sta·

73 837 146 911 tim
173 852 366 918 occurram.
414 841 486 914 Sed
508 841 627 915 hiloci
652 843 685 915 ei
702 841 847 918 demum
875 843 998 916 oratori
1015 843 1181 940 prodesse

70 951 234 1032 possunt,
248 943 308 1037 qui
327 948 383 1016 est
395 950 547 1014 versatus
565 940 603 1014 in
615 943 720 1036 rebus
732 941 787 1012 vel
799 963 879 1022 usu,
896 964 1003 1036 quem
1018 949 1107 1014 setes
1120 942 1183 1015 dc«

72 1033 184 1132 nique
194 1039 317 1125 sffert3
340 1040 396 1112 vel
416 1039 592 1115 auditione
609 1048 646 1112 et
658 1038 883 1135 cogitatione,
894 1061 977 1135 quoe
993 1039 1111 1113 studio
1141 1049 1180 1112 et

72 1130 136 1204 dili
162 1137 459 1235 entiapraecurrit
486 1145 641 1212 aetatem.
693 1138 787 1210 Nam
804 1135 831 1209 si
849 1145 890 1210 tu
917 1136 1002 1210 mihi
1024 1139 1181 1234 quamvis

70 1159 253 1307 eruditum
269 1235 448 1311 hominem
464 1234 661 1320 adduxeris,
667 1233 830 1332 quamvis
849 1257 963 1310 acrem
986 1243 1023 1308 et
1038 1247 1181 1310 acutum

71 1327 114 1400 in
127 1332 327 1428 cogitando,
355 1334 511 1433 quamvis
527 1335 569 1408 ad
593 1331 890 1432 pronuntiandum
917 1333 1134 1445 expeditum,
1149 1333 1181 1408 si

70 1427 142 1501 erit
158 1429 251 1506 idem
275 1432 313 1507 in
325 1433 586 1509 consuetudine
599 1432 755 1514 civitatis,
772 1431 810 1503 in
826 1433 1004 1530 exemptis,
1029 1433 1067 1506 in
1084 1431 1182 1506 insti·

10 1599 11 1614 p
71 1525 172 1609 tutis,
188 1529 226 1602 in
238 1533 395 1606 moribus
418 1557 459 1606 ac
474 1531 710 1605 voluntatibus
728 1528 855 1603 civium
883 1553 1024 1604 suorum]
1041 1530 1181 1628 hospes,

71 1648 148 1698 non
163 1631 320 1704 multum
336 1631 369 1704 ei
383 1628 662 1728 lociprodenmt
678 1629 737 1712 illi,
755 1651 800 1702 ex
816 1627 943 1725 quibus
972 1639 1180 1726 arguments

10 1723 12 1818 J
70 1735 307 1818 promuntur:
332 1730 486 1804 Subacto
502 1727 587 1800 mihi
602 1727 747 1824 ingenio
762 1749 850 1824 opus
861 1738 929 1807 est,
944 1736 985 1799 ut
1005 1753 1088 1826 agro
1104 1753 1180 1803 non

73 1824 187 1895 semel
216 1836 324 1909 arato,
336 1827 399 1900 sed
421 1833 551 1900 novato
577 1831 614 1897 et
642 1825 783 1907 iterato,
800 1822 873 1922 quh
889 1825 1050 1906 meliores
1068 1825 1181 1900 foetus

10 1971 12 2010 ,
71 1920 188 2013 possit
203 1932 242 1995 et
252 1924 453 2020 grandiores
469 1923 590 1997 edere:
615 1922 773 2000 subactio
784 1932 903 1997 autem
914 1931 968 1996 est
977 1946 1071 2008 usus,
1084 1924 1180 1999 sudi·

10 2045 11 2050 ¹
73 2016 136 2102 tio,
153 2019 270 2104 lectio,
298 2023 421 2097 iiterse.
471 2020 527 2094 Ac
552 2019 706 2118 primum
721 2031 879 2094 naturam
904 2045 1039 2096 caussae
1055 2023 1179 2110 uideat,

72 2123 159 2210 quae‘
174 2143 365 2221 numquam
381 2122 490 2195 latet:
516 2119 714 2194 Factumne
726 2119 787 2202 sit,
798 2130 988 2217 quaeratur,
999 2145 1049 2194 sn
1060 2122 1177 2206 Quale

10 2233 11 2244 ¹
67 2212 135 2297 sit,
160 2240 206 2288 an
221 2218 333 2303 Quod
349 2244 484 2294 nomen
504 2217 651 2292 habeat:
675 2241 748 2315 quo
771 2227 968 2316 perspecto,
981 2219 1101 2291 stetim
1124 2243 1181 2294 oo-

71 2309 183 2386 ¹currit
198 2317 344 2390 naturali
359 2318 511 2416 quadam
522 2317 717 2414 prudentia,
728 2339 803 2389 non
809 2316 862 2388 his
875 2316 1179 2404 subductionibus,

10 2417 11 2428 ²
73 2413 159 2506 quas
172 2412 227 2487 isti
244 2415 388 2500 docent,
407 2416 494 2516 quid
507 2414 609 2490 faciat
622 2425 798 2497 caussam,
816 2413 935 2497 idest,
953 2439 1025 2514 quo
1041 2415 1180 2492 sublato

11 2607 12 2610 Ἴ
74 2516 310 2588 controversis
326 2527 416 2592 stare
434 2539 512 2590 non
530 2512 657 2614 possit:
682 2513 823 2596 deinde,
837 2514 924 2612 quid
940 2515 1054 2590 veniat
1081 2515 1118 2591 in
1126 2515 1180 2614 ju·

72 2607 217 2693 dicium,
234 2613 331 2710 quod
347 2615 405 2687 isti
421 2615 472 2689 sio
479 2614 606 2709 jubent
616 2636 796 2712 quaerere:
822 2614 1006 2689 Interfecit
1018 2616 1179 2715 Opimius

70 2703 297 2784 Gracchum:
323 2713 500 2810 quidfacit
516 2711 702 2787 caussam?
727 2710 842 2796 Quod
854 2711 1071 2809 Reipublicae
1082 2737 1178 2785 caus·

73 2803 130 2886 ssi,
147 2805 290 2882 cimex
304 2811 672 2886 senatusconsultoad
684 2835 781 2884 arma
792 2807 973 2884 vocaisset:
999 2807 1066 2880 hoc
1083 2810 1177 2893 tolle,

72 2925 197 2978 caussa
211 2931 285 2982 non
300 2911 374 2984 erit.
425 2911 476 2985 At
494 2910 530 2983 id
545 2910 660 3009 ¹ipsum
677 2919 785 3008 negat
795 2916 917 2982 contra
931 2907 1025 3004 leges
1038 2905 1178 2980 licuisse

74 2991 220 3078 Decius'.
269 3007 402 3082 Veniet
425 3007 532 3106 igitur
546 3009 584 3084 in
595 3007 779 3106 judicium,
797 3006 1003 3082 Licueritne
1019 3029 1065 3077 ex
1081 3029 1177 3077 sena».

73 3105 297 3178 tusconsulto
330 3108 513 3181 servandae
533 3107 754 3205 'Reipublieae
786 3105 924 3180 caussis.
989 3102 1177 3201 Perspicua

74 3212 164 3274 sunt
178 3202 257 3276 hsec
279 3206 436 3301 quidem,
457 3218 497 3282 et
510 3207 551 3279 in
568 3205 701 3304 vulgari
741 3202 904 3277 rudentis
920 3198 1013 3274 sita:
1035 3202 1097 3274 sed
1118 3202 1178 3276 illu

74 3299 279 3391 quserendn,
293 3327 376 3416 quae
388 3305 431 3376 ab
443 3313 642 3378 accusatore
657 3315 695 3379 et
707 3232 1123 3396 dfensoe·argumenta,
1133 3303 1177 3375 ad

75 3395 126 3478 id,
145 3397 239 3490 quod
253 3399 290 3472 in
296 3402 464 3498 Judicium
480 3403 589 3484 venit,
605 3401 804 3501 spectantia,
817 3400 966 3474 debeant
981 3397 1102 3470 afferri.

123 3495 256 3573 xxxi
281 3501 402 3600 Atque
419 3499 481 3577 hic
492 3501 581 3576 sslud
592 3502 786 3576 videndum
798 3508 863 3582 est,
880 3499 917 3572 in
933 3519 1176 3595 quosummus

75 3603 131 3665 est
147 3620 241 3670 error
264 3598 413 3674 istorum
437 3602 693 3699 magistrorum,
717 3599 771 3674 ad·
782 3621 871 3696 quos
887 3597 1013 3670 liberos
1035 3606 1176 3674 nostros

75 3690 269 3783 mittimus3
292 3697 455 3800 nonquo
472 3701 538 3774 hoc
551 3698 694 3796 quidem
706 3699 750 3771 ad
764 3695 952 3772 dicendum
962 3714 1177 3795 magnopere

73 3791 265 3884 pertinent,
291 3798 353 3890 sed
369 3809 493 3872 tamen
520 3803 560 3870 ut
587 3795 742 3878 videatis,
769 3797 879 3892 quim
906 3791 954 3866 sit
981 3817 1094 3890 genus
1111 3799 1177 3870 hoc

74 3912 212 3973 eorum,
228 3896 286 3991 qui
302 3895 363 3970 sihi
380 3895 509 3972 eruditi
526 3891 697 3979 videntur,
713 3895 820 3968 hebes
835 3901 941 3989 atque
964 3891 1172 3992 impolitum.

76 3987 315 4070 Constitusnt
330 3997 427 4072 enirn
437 3996 475 4072 in
491 3993 683 4094 partiendis
699 3991 901 4069 orationum
912 3991 1025 4066 modis
1036 3989 1107 4060 duo
1117 4012 1175 4097 ge·

75 4111 163 4163 nera
179 4115 388 4169 caumatum
399 4126 412 4184 ;⁴
434 4117 546 4168 unum
569 4092 757 4191 appellant,
781 4088 820 4162 in
835 4113 908 4188 quo
923 4089 999 4162 sine
1016 4107 1175 4182 personis

73 4203 182 4292 atque
192 4193 407 4292 temporibus
415 4193 461 4266 de
472 4192 636 4265 universo
645 4213 778 4286 genere
788 4197 974 4286 quaeratur
980 4212 992 4294 ξ
1012 4181 1175 4291 alterum,

73 4293 172 4391 quod
185 4293 346 4390 personis
358 4285 513 4368 certis'et
525 4290 739 4388 temporibus
752 4286 958 4360 definiatur:
983 4299 1093 4373 rgnsrr
1104 4305 1187 4390 ⁰m‘.

74 4385 143 4498 pes
157 4390 417 4490 controuersias
429 4389 472 4466 sd
489 4386 641 4468 universi
654 4385 792 4487 generis
805 4385 875 4480 ,rim
890 4389 926 4456 et
943 4387 1111 4475 naturam
1122 4406 1183 4459 re¹¹
1200 4387 1203 4396 '
