2830 5014
519 387 524 400 .
563 343 699 407 LIBER
719 347 777 406 lll.
797 355 823 406 9.
1192 357 1248 416 215

127 505 237 604 quarn
262 489 491 570 nr‘enietm'ei
513 496 676 590 poenitet,
705 503 787 572 euin
814 496 880 570 hoc
903 495 1053 570 maxime
1077 501 1250 572 tamenin

128 591 385 696 comparatione
402 589 603 688 conjungar.
654 595 859 676 Videtisne,
885 617 997 690 genus
1015 594 1082 666 hoo
1098 597 1191 688 quod
1205 599 1251 669 sit

129 692 308 773 Antonii?
336 693 444 770 forte,
473 691 674 773 vehemens,
699 687 914 768 commotum
937 691 975 763 in
997 693 1145 789 agendo,
1167 717 1251 790 prae·

137 797 328 872 munitum,
345 797 382 860 et
396 787 543 860 exomni
559 797 653 884 parte
665 813 799 862 caussae
811 803 962 887 septum,
986 815 1076 870 aure,
1100 801 1251 874 acutum,

117 894 368 969 enucleatum,
381 886 419 958 in
430 909 641 981 unaquaque
656 913 694 959 re
704 913 931 970 commorans,
946 889 1092 962 honeste
1111 889 1250 972 cedens,

117 993 253 1066 'aeriter
264 983 473 1080 insequens,
485 991 631 1066 terrens,
648 986 857 1082 supplicans,
874 1011 1010 1060 summa
1025 986 1188 1060 orationis
1200 1013 1251 1060 va-

128 1081 265 1166 rietate,
279 1085 378 1157 nulla
390 1096 585 1155 nostrarum
600 1084 733 1156 aurium
749 1085 934 1157 satietate:
960 1109 1026 1157 nos
1039 1093 1163 1166 autern,
1176 1086 1250 1191 qui·

118 1208 283 1281 'eumque
297 1181 338 1254 in¹
348 1180 495 1252 ‹lieendo
508 1203 630 1254 sumus
644 1183 829 1276 (quoniam,
838 1206 912 1254 esse
920 1182 1037 1277 aliquo
1051 1181 1088 1252 in
1100 1207 1251 1256 numero

128 1285 227 1358 vobis
242 1278 426 1368 videmur),
439 1279 531 1350 uerti
549 1290 668 1350 tamen
683 1279 701 1352 ⁶.
715 1281 758 1350 ab
773 1279 873 1375 hujus
885 1279 1035 1353 multllm
1047 1302 1173 1376 genere
1185 1281 1252 1354 dis·
1309 1367 1312 1376 Ι

116 1391 267 1462 -tamus3
292 1377 389 1474 quod
405 1377 507 1472 quale
524 1377 581 1459 sit,
595 1401 671 1449 non
687 1388 749 1448 est‘
756 1402 873 1450 meum
902 1377 1037 1464 dicere3
1071 1387 1250 1475 propterea

127 1480 226 1578 quod
242 1476 386 1550 minime
404 1475 467 1546 sibi
490 1475 640 1572 quisque
664 1487 771 1548 notus
792 1484 857 1556 est,
873 1483 908 1546 et
929 1475 1128 1548 difficillime
1152 1476 1251 1550 dese

129 1579 282 1676 quisque
298 1573 428 1646 sentit:
453 1573 516 1644 sed
541 1581 662 1644 tamen
687 1573 928 1646 dissimilitudo
958 1572 1105 1669 intelligi
1133 1585 1251 1672 potest

128 1687 168 1750 et
184 1701 228 1747 ex
244 1683 363 1746 motus
378 1670 448 1742 mei
465 1671 722 1751 mediocritate,
737 1688 777 1743 et
792 1696 837 1746 ex
852 1697 907 1751 eo,
925 1667 1022 1768 qubd
1039 1671 1165 1768 quibus
1180 1697 1250 1748 ves-

114 1773 223 1870 ·'tigiis
239 1767 394 1869 primirm
409 1768 533 1850 institi,
559 1769 596 1841 in
624 1769 665 1842 iis
688 1771 761 1842 lere
787 1770 881 1842 soleo
897 1793 1075 1866 perorare3
1101 1779 1136 1842 et
1153 1769 1251 1866 qubd

117 1872 310 1966 'aliquanto
324 1891 381 1939 me
393 1866 497 1961 major
513 1867 578 1939 ⁷in
595 1866 718 1948 verbis,
731 1871 840 1962 quim
855 1868 893 1940 in
908 1866 1107 1948 sententiis,
1122 1869 1251 1965 eligen-

128 1969 184 2041 dis
200 1970 341 2040 laboret
356 1989 439 2038 cura
451 1975 604 2062 torquet,
620 1974 809 2046 verentem,
826 1989 885 2047 ne,
902 1965 931 2037 si
949 1964 1049 2063 paulo
1065 1966 1251 2040 obsoletior

127 2062 373 2147 luerit'oratio,
390 2087 465 2135 non
487 2064 591 2160 digna
619 2063 881 2160 exspectatione
913 2074 950 2138 et
978 2061 1117 2136 silentio
1142 2064 1250 2140 fuisse

129 2165 295 2243 videatur,
320 2159 472 2244 Qubdsi
490 2162 527 2232 in
540 2163 652 2241 nobis,
668 2161 730 2257 qui
745 2162 921 2241 adsumus,
947 2169 1059 2234 tantae
1084 2161 1250 2234 dissimili·

129 2263 281 2343 tudines,
291 2270 364 2332 tam*
378 2267 487 2332 oertae
500 2283 557 2330 res
572 2259 742 2356 cujusque
759 2258 920 2356 proprie,
932 2268 969 2330 et
981 2260 1019 2330 in
1036 2283 1076 2328 ea
1088 2259 1249 2334 varietate

128 2363 202 2434 lere
223 2359 350 2435 melius
380 2361 401 2434 i
428 2357 808 2432 deteriore-⁸isoultate
832 2356 950 2454 magis,
976 2356 1083 2454 quim
1106 2381 1249 2454 genere,

113 2557 240 2618 ,dixerit
251 2578 284 2618 se
296 2569 328 2616 et
337 2554 499 2616 Antonium
508 2555 607 2616 solitos
620 2575 687 2618 esse
700 2562 731 2615 in
746 2564 954 2630 comparatione
969 2559 1112 2634 conjungi,
1125 2555 1250 2618 ostendit

114 2639 161 2710 ‚in
175 2637 372 2716 sequentibus,
391 2653 458 2711 quae
471 2649 550 2694 esset
563 2638 697 2711 ipsorum
710 2640 742 2696 in
755 2640 878 2698 dicendo
891 2639 1105 2698 dissimilitudo.

171 2723 188 2772 6
203 2721 238 2773 ab
262 2715 348 2788 lajas
368 2715 487 2771 multdrn
506 2732 614 2785 genere
634 2721 775 2775 distamus
785 2715 816 2796 5]
836 2719 914 2776 Cum
930 2718 1063 2792 sequitur
1078 2720 1155 2784 qnod
1166 2721 1249 2790 quale

128 2797 178 2864 sit,
193 2809 252 2856 etc.
267 2797 313 2854 nel
327 2796 486 2870 legendum
499 2807 544 2852 est
558 2814 627 2854 cum
642 2799 730 2856 MSto
741 2799 815 2856 Nov.
830 2803 864 2854 at
878 2801 934 2868 lroe
951 2794 1118 2872 (Antonio)
1130 2798 1248 2852 mallim
1304 2828 1305 2831 =

123 2879 235 2948 genere
250 2881 392 2933 distamus
403 2899 417 2940 ,·
441 2875 487 2931 vel
502 2872 528 2930 si
542 2874 721 2935 retineamus
734 2879 880 2953 vulgatam
900 2874 1065 2943 lectionem,
1087 2873 1249 2933 subintelli-

126 2958 257 3032 gendum
272 2967 317 3014 est
326 2971 435 3026 genere
449 2965 517 3026 post
530 2973 636 3013 vocem
650 2958 748 3029 nujus,
771 2969 804 3017 ut
822 2977 925 3018 sensus
941 2955 986 3024 sit,
1006 2955 1055 3012 Ab
1073 2952 1124 3010 illo
1138 2969 1249 3028 genere

126 3035 252 3106 dicendi,
273 3053 332 3111 quo
341 3033 435 3090 utitur
445 3034 592 3090 Antonius
602 3051 723 3110 prorsus
736 3037 822 3097 distat
835 3039 908 3096 illud
920 3048 1053 3094 nostrum
1067 3050 1168 3110 genus.

167 3121 184 3174 't'
200 3116 233 3170 in
245 3116 352 3180 uerbis,
370 3111 459 3188 quim
472 3117 503 3169 in
513 3118 673 3183 sententiis,
686 3121 821 3188 eligendis
836 3113 932 3192 lator]
946 3114 1100 3171 Rationem
1115 3111 1249 3186 protinus

128 3193 247 3250 adducit
260 3195 396 3260 Crassus,
417 3209 470 3249 cur
483 3191 653 3267 diligentior
666 3193 763 3265 fuerit,
782 3193 871 3272 quim
888 3191 1049 3252 Antonius:
1070 3211 1110 3250 sc.
1130 3194 1249 3251 vereba-

124 3285 188 3340 tur,
207 3289 245 3329 ne
258 3270 416 3329 obsoletior
428 3269 575 3329 videretur
589 3272 656 3350 ejus
673 3275 782 3332 oratio:
804 3277 855 3332 sed
876 3277 941 3330 haec
955 3272 1028 3330 ratio
1041 3274 1077 3330 ad
1090 3274 1249 3332 verborum

115 3350 303 3410 :electionem
318 3352 409 3407 solam
418 3363 535 3424 spectat.
578 3352 741 3412 Sententiae
750 3356 887 3412 obsoletae
898 3350 1026 3410 fierinon
1037 3365 1177 3426 possunt3
1190 3371 1248 3410 nee

113 3453 116 3462 ⁴
127 3432 310 3490 consuetudo
324 3428 521 3495 civitatis-aut
534 3429 708 3492 diuturnitas
717 3434 858 3510 temporis
868 3451 970 3492 earum
981 3431 1181 3489 auctoritatem
1191 3431 1249 3490 mi·

125 3510 201 3570 nuit.
225 3510 308 3568 Ferri
322 3507 415 3584 igitur
429 3511 545 3585 vulgata
559 3510 652 3569 lectio
664 3531 722 3571 non
732 3527 840 3588 potest,
858 3519 889 3570 in
899 3515 997 3570 verbis
1006 3514 1076 3570 etin
1095 3513 1248 3569 sententiis

122 3593 272 3664 eligendis,
291 3590 383 3668 quim
404 3605 485 3655 eum,
505 3593 595 3658 labor,
614 3604 681 3648 etc..
720 3593 861 3653 Libenter
880 3610 987 3670 sequor
1007 3588 1162 3648 lectionem
1188 3590 1248 3647 MS

125 3669 213 3729 Nori.
227 3681 423 3744 veterumque
437 3668 579 3726 librorum
595 3669 844 3746 Steph.Gryphii,
862 3674 934 3728 Asc.
950 3669 1084 3739 Strebaei,
1103 3669 1248 3740 Lambini,

130 3748 297 3808 stallorum
311 3768 319 3816 ;
341 3759 370 3803 et
385 3751 460 3819 quad
469 3753 616 3818 aliqwnto
630 3767 673 3803 me
682 3753 775 3823 major
786 3759 816 3809 in
826 3754 936 3818 uerbis,
950 3750 1039 3826 quim
1049 3753 1079 3806 in
1088 3754 1248 3820 sententiis,

109 3832 113 3840 '
128 3831 267 3900 eligendis
280 3833 406 3884 laboret
419 3847 489 3883 cura
504 3840 630 3897 tarqrtet,
648 3839 703 3887 etc.
745 3835 824 3888 Eum
838 3830 911 3888 item
925 3828 1066 3888 omittunt
1080 3829 1162 3888 lusti
1174 3829 1246 3886 Bod.

109 3905 214 3968 'Cant
226 3918 258 3965 et
272 3909 362 3984 Wag.
377 3921 407 3966 et
421 3906 505 3979 quim
520 3925 583 3962 enm
594 3906 683 3966 editio
694 3909 892 3968 Melanctlmn.
917 3910 984 3967 Nee
993 3910 1077 3968 aliter
1087 3913 1123 3968 de
1133 3907 1247 3964 diverso

110 4009 113 4014 2
125 3987 229 4045 Crassi
244 3997 274 4044 et
289 3985 407 4044 Antonii
420 3986 538 4044 dicendi
551 4005 662 4062 genere
677 3989 805 4065 loquitur
818 3989 926 4048 Cicero
939 3989 968 4046 in
983 3991 1086 4056 Bruto,
1100 4006 1125 4042 c.
1139 3989 1185 4042 37.
1196 3985 1248 4042 ubi

122 4067 163 4125 de
178 4064 309 4123 Antonio
321 4063 402 4137 dicit,
427 4069 586 4139 diligenter
598 4072 734 4139 loquendi
745 4073 828 4124 lande
841 4071 959 4128 caruit:
981 4087 1051 4126 mox
1070 4063 1156 4128 addit,
1174 4081 1248 4123 eum

122 4150 154 4201 tn
166 4149 371 4202 sententiantes
392 4150 576 4214 ornamentis,
595 4158 623 4200 et
643 4152 908 4220 conformationibus
928 4141 1091 4223 plurimirm
1110 4140 1244 4202 valuisse.

124 4225 196 4284 Erat
210 4236 312 4284 autern
325 4224 373 4301 (ut
387 4224 460 4283 dieit
473 4223 555 4283 ideni
567 4225 606 4282 ib.
621 4243 646 4282 c.
662 4225 723 4304 38.)
735 4227 767 4284 in
780 4229 888 4287 Crasso
899 4222 1006 4284 Latine*
1019 4225 1149 4291 loquendi
1162 4241 1247 4280 men-

107 4316 202 4372 'rata
220 4316 248 4360 et
262 4308 323 4361 sine
338 4309 468 4361 molestia
483 4307 605 4377 diligens
620 4308 771 4375 elegantia.
813 4311 851 4368 Et
871 4311 901 4365 in
916 4306 960 4363 his
974 4300 1047 4376 ipsis
1061 4303 1097 4358 de
1116 4303 1197 4362 Orat.
1212 4303 1247 4360 li·

108 4381 186 4439 'bris
198 4385 235 4440 ob
248 4403 316 4442 eam
330 4402 396 4443 rem
410 4397 509 4460 partes
523 4382 702 4446 Inventionis
711 4389 849 4457 Antonio,
863 4380 1150 4445 Elocutionisautem
1160 4383 1245 4442 Cras·
1313 4429 1317 4437 .

107 4483 113 4492 ·
125 4479 163 4518 so
174 4460 327 4522 tribuebat.

110 4551 117 4558 ·
166 4541 337 4611 incarne
350 4545 471 4620 nagia]
495 4545 605 4608 Sensus
618 4555 672 4614 est,
681 4545 768 4608 --Clim
779 4532 905 4606 licinius
919 4541 1009 4604 alium
1022 4555 1169 4604 oratorem
1182 4561 1246 4601 rne-
