2854 5016
261 405 299 459 sa
651 399 710 458 ns
728 401 932 462 onarons
963 387 971 404 '

260 555 465 619 oaeteramm
477 543 599 622 artium
612 547 745 657 propria
756 548 909 646 posuisti,
922 545 1079 622 scientiae
1096 557 1181 622 sunt
1191 573 1321 640 eorum
1408 613 1409 616 ,

257 644 317 742 qui
345 643 405 717 iila
430 646 652 741 profitentur:
678 645 850 716 illustrare
871 653 989 716 autern
1010 645 1162 720 oratione
1187 650 1216 720 si
1242 649 1323 746 quis
1408 667 1409 672 ’

257 741 340 814 istas
352 742 440 840 ipsas
452 751 540 815 artes
553 743 646 820 velit,
663 741 706 810 ad
718 740 861 810 oratoris
877 740 909 811 ei
926 741 1202 840 confugiendum
1212 755 1265 816 est
1276 744 1326 816 ia-

257 841 436 916 cultatem.
486 840 523 912 N
569 863 613 910 ue
626 837 733 917 enim,
743 837 770 908 si
783 835 966 909 Philonem
978 835 1075 910 illmn
1083 841 1325 923 architectum,

282 937 316 1009 ui
345 937 554 1012 Atheniensi
578 959 619 1008 us
650 934 953 1008 armamentarium
977 935 1069 1016 fecit,
1094 947 1234 1011 'constat
1253 963 1327 1048 per-
1408 987 1409 1002 .

256 963 388 1108 diserte
415 1036 543 1134 populo
570 1034 742 1108 rationem
765 1059 787 1104 o
833 1033 877 1106 ris
904 1033 957 1106 sui
983 1032 1181 1116 reddidisse,
1207 1037 1331 1107 existi:

254 1133 420 1206 nandum
436 1143 489 1206 est
508 1132 688 1206 architecti
714 1132 829 1230 potius
844 1129 990 1205 artificio
1006 1131 1185 1213 disertum,
1217 1133 1331 1229 quiam

254 1230 411 1310 oratoris,
423 1231 539 1303 fuisse.
589 1231 679 1310 Nec,
705 1233 731 1301 si
750 1229 831 1302 huic
850 1231 904 1302 M.
921 1229 1085 1303 Antonio
1102 1255 1164 1327 pro
1179 1230 1332 1304 Hermo-

255 1327 340 1400 doro
353 1327 478 1400 iuisset
496 1327 538 1400 de
555 1327 726 1402 navalium
741 1351 845 1425 opere
860 1327 1061 1410 dicendum,
1079 1353 1166 1409 non,
1182 1328 1264 1403 edm
1284 1330 1333 1401 ab

254 1425 314 1499 illo
326 1449 477 1500 caussam
494 1425 684 1507 didicisset,
709 1427 782 1524 ipse
795 1427 915 1499 ornate
931 1427 975 1500 de
988 1426 1104 1500 alieno
1115 1426 1259 1500 artificio
1269 1451 1330 1498 co-

254 1524 419 1622 piceique
429 1525 581 1600 dixisset.
631 1525 760 1622 Neque
777 1526 860 1599 verb
877 1525 1100 1624 Asclepiades
1113 1525 1142 1598 is
1162 1527 1250 1623 (quo
1261 1549 1332 1598 nos

252 1623 392 1696 medico
401 1624 581 1724 amicoque
592 1625 644 1697 usi
658 1627 795 1717 sumus)
809 1634 898 1706 turn,
910 1625 992 1700 edm
1001 1623 1204 1724 eloquentia
1213 1623 1332 1696 vince-

253 1719 312 1793 bat
328 1733 477 1795 caeteros
493 1723 660 1804 medicos,
675 1724 714 1799 in
730 1747 773 1796 eo
796 1723 883 1822 ipso,
911 1724 1009 1822 quod
1024 1723 1149 1796 ornate
1176 1722 1331 1803 dicebat,

253 1818 441 1893 medicinae
452 1820 617 1896 facultate
638 1825 811 1904 utebatur,
828 1849 903 1896 non
927 1819 1157 1922 eloquentiae.
1206 1821 1333 1916 Atque

252 1915 339 1984 illud
355 1925 410 1983 est
422 1921 641 2006 probabilius,
655 1947 772 2007 neque
784 1931 901 1992 tamen
918 1945 1047 1997 verum,
1059 1920 1154 2009 quod
1166 1920 1332 1991 Socrates

254 2007 370 2081 dicere
394 2008 537 2085 solebat,
562 2009 699 2077 Omnes
727 2007 766 2077 in
786 2029 840 2084 eo,
862 2009 958 2101 quod
984 2005 1107 2083 scient,
1130 2012 1213 2077 satis
1245 2035 1331 2086 esse
1407 2013 1408 2019 ’

253 2105 482 2201 eloquentes:
507 2101 596 2174 illud
608 2102 732 2184 verius,
749 2102 785 2172 N
787 2127 877 2200 eque
892 2117 1102 2198 quemquam
1111 2101 1150 2173 in
1161 2125 1206 2173 eo
1221 2097 1331 2179 diser-

252 2213 331 2277 tum
347 2227 424 2276 esse
440 2225 551 2300 posse,
567 2199 664 2298 quod
680 2199 826 2281 nesciat,
843 2223 969 2296 neque,
986 2197 1013 2270 si
1027 2198 1062 2270 id
1079 2199 1211 2296 optime
1226 2203 1328 2286 sciat,

252 2299 464 2400 ignarusque
478 2301 521 2372 sit
543 2299 719 2372 faciundae
736 2323 777 2370 ac
792 2298 970 2396 poliundae
988 2297 1165 2378 orationis,
1194 2299 1328 2376 diserte

254 2400 290 2470 id
306 2401 421 2496 ipsum
433 2421 545 2495 posse,
562 2397 606 2468 de
622 2420 695 2494 quo
711 2396 807 2478 sciat,
832 2397 958 2471 dicere.

302 2497 393 2590 XV.
408 2495 647 2577 Quamobrem
663 2494 691 2566 si
709 2496 786 2593 quis
802 2496 999 2570 universam
1014 2506 1052 2570 et
1067 2499 1237 2596 propriam
1253 2523 1327 2575 ora·

252 2594 337 2666 toris
353 2593 422 2665 vim
433 2592 577 2664 definire
593 2593 849 2692 complectique
861 2597 959 2680 vult3
983 2597 1012 2668 is
1026 2606 1141 2670 orator
1150 2598 1228 2678 erit,
1244 2623 1323 2670 mea

251 2693 440 2773 sententia,
467 2691 534 2766 hoe
545 2701 615 2764 tam
630 2692 722 2789 gravi
741 2693 868 2792 dignus
883 2695 1038 2777 nomine,
1053 2694 1126 2794 qui,
1143 2719 1325 2794 quaecum·

249 2815 320 2888 que
336 2810 392 2863 res
405 2790 578 2872 inciderit,
605 2814 687 2886 quae
705 2792 752 2865 sit
768 2793 923 2866 dictione
936 2794 1148 2889 explicanda,
1177 2793 1327 2893 pruden-
1407 2814 1410 2884 ξ

250 2897 313 2970 ter,
330 2899 368 2960 et
383 2889 587 2985 composite,
618 2894 810 2968 aromate,
835 2898 871 2962 et
895 2891 1093 2963 memoriter
1110 2892 1213 2972 dicat,
1239 2916 1324 2970 oum
1407 2924 1408 2928 ¹

248 2987 397 3086 quadam
410 2986 514 3058 etiam
526 2985 672 3059 actionis
689 2986 866 3083 dignitate.
915 2987 979 3060 Sin
995 2989 1143 3087 cuipiam
1159 2989 1263 3063 nimis
1273 2990 1325 3063 in-

249 3088 387 3160 finitam
398 3084 547 3165 videtur,
571 3081 670 3180 qubd
685 3083 733 3156 ita
745 3086 856 3182 posui,
873 3101 1084 3180 priorumque
1098 3086 1145 3160 de
1159 3113 1208 3168 re,
1238 3087 1324 3158 licet

250 3183 345 3262 hinc,
361 3192 534 3276 quantum
549 3183 678 3279 cuique
693 3182 873 3267 videbitur,
890 3184 1114 3258 circumcidat
1129 3195 1237 3282 atque
1252 3207 1323 3257 am·

249 3288 371 3376 putet:
396 3287 514 3350 tamen
529 3281 617 3352 illud
630 3283 769 3363 tenebo,
792 3282 839 3363 Si,
864 3307 946 3378 quae
965 3283 1104 3356 caeteris
1129 3283 1169 3354 in
1190 3281 1322 3354 artibus
1409 3291 1411 3348 ξ

250 3386 309 3451 aut
325 3375 449 3450 studiis
467 3374 532 3448 sita
544 3391 641 3455 sunt,
668 3389 784 3451 orator
807 3379 957 3474 ignoret,
979 3379 1190 3475 tantumque
1210 3404 1251 3449 ea
1272 3387 1323 3450 te·

250 3487 345 3557 neat,
357 3497 440 3572 quae
456 3474 531 3546 sint
546 3471 610 3544 4in
627 3473 933 3570 disceptationibus
949 3487 1055 3572 atque
1071 3479 1109 3547 in
1123 3497 1188 3546 usu
1204 3473 1321 3548 foren-

250 3673 359 3740 mon'ca,
382 3683 409 3727 et
422 3683 583 3728 ceterarum
603 3672 707 3726 arriscm
722 3675 842 3741 prolana
859 3671 994 3743 posuisti.
1034 3671 1105 3728 Non
1126 3667 1186 3740 diu,
1199 3668 1320 3742 Lector,

246 3763 350 3810 utrum
363 3748 447 3806 alteri
459 3748 595 3808 ordinem
605 3747 754 3824 praeferes,
769 3750 920 3810 dubitabis.
1122 3761 1124 3768 ’

288 3836 306 3884 4
320 3832 351 3884 r'n
364 3829 700 3902 disceptationemque
719 3834 749 3886 in
759 3833 927 3902 urusorenei
934 3827 965 3908 ,·]
980 3829 1111 3906 Vulgata
1129 3847 1187 3888 vox
1195 3843 1247 3887 our
1259 3827 1317 3909 dis-

246 3906 348 3988 jungit
370 3923 477 3964 voees:
498 3909 550 3966 sed
573 3911 697 3967 Crassus
720 3927 774 3984 per
788 3926 894 3966 vocem
914 3911 1169 3979 dicceptationibus,
1183 3921 1214 3967 et
1229 3927 1317 3970 voces
1409 3935 1411 3942 >

247 3988 427 4072 conserenti,
448 3984 528 4046 idem
555 3988 645 4047 voluit
657 3987 834 4066 significare,
847 4005 955 4064 nempe
970 4004 1065 4066 genus
1075 3985 1212 4065 judiciale
1224 4009 1233 4058 ;
1253 4007 1318 4048 ora·

141 4083 144 4101 ¹
248 4068 305 4127 tori
318 4065 396 4126 certe
405 4064 617 4136 necessarium,
632 4067 748 4128 etiamsi
759 4066 815 4125 alia
828 4068 928 4126 omnia
937 4071 971 4126 ab
983 4067 1157 4145 Eloquentia
1168 4067 1315 4148 sejungas.

249 4146 342 4205 Recte
356 4144 449 4224 igitur
462 4147 545 4206 MSti
559 4148 641 4206 Cant.
655 4147 738 4208 loen.
756 4149 841 4206 Harl.
861 4149 929 4216 duo,
945 4149 1035 4224 Wag.
1051 4149 1128 4207 Nov.
1155 4148 1237 4224 Mag.
1253 4149 1315 4205 Bal.

248 4225 334 4284 Nori.
351 4239 381 4286 ct
394 4223 555 4286 Lambinus
570 4227 683 4297 habent,
697 4231 821 4302 arquein
837 4245 891 4284 aaa
900 4231 1035 4298 sorensi:
1054 4243 1145 4304 quam
1158 4227 1317 4286 lectionem

248 4304 419 4364 confirmant
435 4305 555 4364 Antonii
568 4309 656 4364 verba
666 4308 696 4365 in
711 4310 730 4366 l.
743 4306 772 4364 ii.
799 4313 840 4363 10.
849 4325 852 4330 ·
861 4309 1015 4381 cujusmodi
1027 4321 1102 4376 aunt,
1116 4325 1173 4380 qaae
1193 4310 1222 4364 in
1235 4310 1316 4379 soro,

248 4391 334 4460 atquc
347 4387 377 4440 in
392 4389 495 4444 civium
511 4389 603 4446 rauna
614 4389 912 4462 disceptationibusque
925 4397 1087 4448 versantur.
