2854 5016
258 355 291 408 16
648 345 707 406 DE
726 343 932 408 ORATORE

145 581 147 590 ,
310 495 375 572 xi.
402 495 501 570 Tum
517 490 585 574 ille,
599 493 695 568 ¹Non
719 494 808 575 6661,
833 491 956 586 inquit,
977 489 1129 572 necin,
1143 487 1328 570 ,scaeda

255 596 324 670 ista
351 597 446 674 inter
472 591 621 666 Graecos
651 591 718 668 diei
748 603 786 666 et
815 590 1000 688 disceptari
1027 587 1157 670 soleres
1197 585 1328 661 Audivi

255 696 351 768 enim
379 715 533 770 summos
556 689 728 772 homines,
752 690 834 762 oiim
861 697 1018 782 quaestor
1043 713 1089 762 ex
1113 685 1329 768 Macedonia

255 795 431 874 venissem
458 790 629 869 Athenas,
643 789 802 864 xflorente
824 783 1069 868 Academia⁵
1103 791 1142 856 ut
1172 793 1243 858 tem
1292 783 1331 854 ri·

256 891 320 966 bus
340 891 407 966 illis
432 889 618 972 ferebatis,
645 884 774 980 tqubd
794 911 884 970 ,eam
903 882 1127 960 Charmadas
1157 889 1194 954 et
1265 881 1330 955 ito·

296 1097 312 1146 ⁵
332 1103 365 1148 ar
379 1089 547 1160 temporina
555 1089 610 1146 illie
641 1085 755 1144 Sensus
769 1094 830 1154 est,
838 1082 987 1144 Homines
997 1081 1086 1152 istius
1096 1077 1239 1158 temporis
1252 1069 1335 1144 dice·

255 1171 467 1236 6661666666,
481 1185 535 1226 cur
547 1169 594 1224 Ac
631 1165 711 1227 emia
735 1166 863 1235 floreret,
885 1163 990 1233 fuisse,
1004 1161 1084 1240 qubd
1103 1159 1133 1218 ei
1147 1159 1332 1235 Charmadas

256 1260 288 1307 et
302 1249 513 1308 Clitomachus
522 1258 553 1304 et
566 1243 721 1304 AEscbiries
735 1243 931 1322 praefuerunt.

297 1353 315 1404 6
335 1345 480 1422 quidcem
494 1345 685 1412 Charmadas,
707 1341 781 1424 etc]
800 1340 905 1419 Vulgb
928 1359 984 1417 pro
1011 1344 1181 1400 Charmadas
1198 1338 1332 1420 legimus

259 1426 427 1496 Carneades,
441 1427 522 1484 malo
533 1423 602 1483 6666
614 1423 733 1483 omines
754 1420 816 1482 Hic
827 1423 910 1482 enim
920 1424 1049 1482 Crassus
1062 1419 1136 1483 dicit
1145 1441 1179 1480 se
1193 1423 1335 1496 Quaesto-

255 1520 332 1574 ram,
344 1509 446 1582 postes
460 1502 532 1564 verb
558 1503 707 1564 Antonius
722 1521 755 1562 se
770 1503 985 1562 Proconsulem
1011 1501 1123 1564 vidisse
1150 1503 1332 1574 Carneadem,

254 1597 355 1646 contra
363 1586 569 1647 auctoritatem
579 1597 717 1644 veterum
728 1583 933 1660 Scriptorum:
948 1582 1088 1644 La'e'rtius
1097 1581 1179 1642 enim
1190 1599 1230 1640 ex
1239 1583 1334 1658 Apol·

255 1663 357 1722 lodoro
370 1665 474 1737 scribit
485 1665 666 1733 Carneadem,
676 1676 831 1723 manuum
842 1682 912 1722 esse
922 1681 996 1722 anno
1005 1665 1046 1722 U.
1061 1665 1095 1722 C.
1112 1667 1179 1720 625.
1199 1663 1333 1722 Crassus

254 1742 327 1800 verb
342 1744 486 1817 Quaestor
500 1743 563 1802 suit
583 1762 619 1801 an
646 1745 685 1802 U.
700 1745 738 1802 C·
753 1749 821 1800 643.
837 1756 867 1803 61
887 1741 1036 1802 Antonius
1050 1743 1215 1802 Proconsul
1227 1760 1275 1802 an.
1287 1743 1331 1799 U.

254 1821 291 1880 C.
307 1830 374 1882 652.
415 1823 484 1884 Imb
498 1822 607 1881 Cicero
620 1823 687 1897 lpse
700 1822 732 1880 in
745 1825 838 1880 Acad.
879 1822 1078 1898 Quaest.dicit
1091 1825 1339 1896 Carneadis‘lega·

253 1900 379 1958 1166666Ι
392 1902 535 1958 incidisse
555 1901 589 1954 in
610 1921 657 1956 an.
671 1903 714 1956 U.
726 1903 764 1960 C.
780 1907 848 1959 ⁵99.
889 1901 922 1960 Si
936 1902 1032 1976 igitur
1044 1904 1176 1970 Crassus
1190 1903 1337 1978 Quaestor

254 1978 331 2038 vidit
346 1979 531 2044 Carneadem,
548 1977 699 2044 Carneade,
713 1983 781 2050 post
803 1976 983 2050 legationem
997 1977 1075 2032 vixit
1094 1995 1187 2034 66666
1202 1989 1253 2046 aa,
1262 1993 1293 2038 et
1307 1979 1338 2038 si-

254 2056 406 2116 Antonius
420 2057 508 2114 Proc.
518 2071 592 2113 cum
606 2050 688 2122 vidit,
699 2053 775 2112 vixit
782 2070 872 2112 annos
889 2059 935 2112 53.
954 2065 1020 2128 post
1033 2052 1231 2128 legationem:
1253 2060 1339 2132 quod

256 2135 426 2196 verisimile
440 2151 498 2192 non
512 2134 642 2194 videtur.
684 2133 743 2192 Sed
758 2133 885 2192 ulterius
896 2153 936 2193 ex
949 2131 1017 2210 ipso
1037 2131 1184 2194 Cicerone
1196 2136 1340 2208 probatu-

254 2235 308 2275 rus
323 2235 393 2276 sum
407 2232 505 2292 neque
531 2213 676 2295 Crassum
697 2231 794 2290 neque
812 2213 977 2272 Antonium
1001 2211 1114 2271 vidisse
1140 2215 1338 2291 Carneadem.-

254 2295 360 2356 Primb
369 2298 401 2356 in
410 2294 454 2355 111.
475 2302 519 2354 18.
558 2293 688 2354 Crassus
701 2294 791 2363 dicit,
802 2296 883 2370 cajus
903 2292 1092 2370 (Carneadis)
1107 2296 1160 2350 ersi
1173 2297 1338 2366 egomalras

252 2381 397 2446 auditores
406 2373 531 2450 ’6666ουί
549 2375 664 2444 Atheni,
677 2384 752 2434 etc.'
776 2373 899 2450 Exque
919 2375 984 2434 loco
993 2381 994 2384 ’
1004 2372 1114 2450 colligo
1133 2373 1294 2446 Crassum,
1307 2375 1336 2434 si

253 2455 382 2518 vidisset
395 2457 575 2522 Carneadem,
585 2471 642 2511 non
656 2453 759 2516 Soceri
769 2465 821 2512 aut
835 2454 955 2512 Metelli
965 2468 1041 2512 usus
1052 2463 1134 2512 esset
1145 2451 1270 2530 judicio,
1281 2457 1335 2520 sed

254 2553 330 2594 suc:
350 2530 440 2610 porri)
455 2531 527 2589 dicit
540 2531 580 2588 ibi
595 2532 726 2594 Crassus
747 2535 912 2594 Metellum
926 2537 1126 2591 adolescentem
1144 2531 1249 2603 fuisse,
1263 2531 1336 2593 cum

252 2613 371 2674 audiret
387 2615 558 2670 Carneadem
568 2614 698 2686 affectam
719 2627 810 2686 atate,
833 2613 981 2674 Metellus
994 2611 1066 2672 verb
1082 2611 1199 2672 Consul
1214 2611 1334 2672 fuit'an.

255 2695 299 2754 U.
314 2694 356 2752 Cr
367 2699 445 2762 6453
467 2711 540 2770 ergo
558 2708 616 2750 non
637 2691 779 2755 credibile
794 2705 840 2754 est
857 2697 1029 2752 Carneadem
1047 2691 1163 2753 vixisse
1184 2694 1335 2771 usquead

253 2775 447 2848 Quaesturam
458 2770 571 2842 Crassi,
581 2773 638 2832 hcc
651 2776 706 2845 es't,
725 2770 818 2851 paene
831 2777 867 2834 ad
881 2777 1069 2834 consulatum
1091 2773 1221 2842 Metelli,
1234 2769 1339 2852 multo

253 2867 356 2916 autem
366 2851 511 2914 minusad
522 2853 767 2913 Proconsulatum
777 2853 922 2912 Antoniis
944 2851 1094 2921 Secundb,
1105 2851 1178 2911 1611.
1189 2851 1334 2912 37.11616-

254 2953 314 3011 que
326 2933 357 2992 in
372 2935 427 2990 boc
441 2933 508 3007 ipso
519 2935 646 2990 loconon
657 2932 693 2990 de
703 2931 832 3000 bomine,
845 2930 938 3008 quem
948 2931 1038 3000 novit,
1049 2931 1178 2991 Crassus
1189 2933 1333 3011 loquitur,

254 3007 792 3083 seddicitliominemdefensionnetc.
814 3009 930 3082 Tertib,
940 3026 974 3071 ut
986 3029 1019 3070 se
1030 3013 1116 3069 habet
1127 3013 1246 3088 vulgata
1255 3011 1335 3072 Lec-

253 3093 296 3155 tio
314 3095 470 3150 Carneadea
485 3091 639 3150 Cameada's
647 3091 765 3152 auditor
774 3091 841 3162 fuit,
852 3110 910 3170 quo
920 3090 993 3170 quid
1004 3088 1161 3168 ineptius?
1181 3091 1230 3150 his
1240 3090 1338 3172 igitur

253 3173 416 3232 rationibus
428 3169 572 3240 adductus
583 3171 734 3248 vulgatam
745 3172 905 3232 lectionem
915 3171 1029 3251 rejicio.
1049 3170 1115 3229 Cur
1125 3181 1228 3230 autem
1246 3171 1336 3230 clar»

254 3255 352 3309 madae
365 3251 497 3321 reposui,
510 3253 616 3322 paucis
626 3251 680 3310 661.
691 3263 720 3311 61
733 3253 854 3312 Lector.
901 3259 974 3311 imo.
989 3251 1060 3310 ΜΒ.
1070 3253 1155 3310 Cant.
1166 3253 1252 3308 habet
1266 3253 1336 3307 Car-

254 3332 375 3396 neadea,
389 3327 461 3384 Bod-
487 3328 643 3386 Carniadm
671 3330 752 3408 (quse
767 3350 826 3392 vox
842 3331 869 3390 si
883 3344 1029 3408 punctum
1042 3331 1138 3390 literae
1153 3330 1272 3402 italla's,
1286 3344 1335 3407 est

258 3406 421 3484 Carmada),
437 3406 521 3466 MSti
536 3427 607 3466 vero
620 3407 694 3467 Joan
717 3422 748 3468 et
767 3413 852 3471 Harl.
869 3417 891 3470 l.
912 3413 1018 3479 habent
1035 3413 1206 3472 Charmadas
1220 3409 1252 3465 in
1276 3411 1334 3470 hoc

253 3489 330 3558 loco,
344 3499 375 3546 et
386 3485 480 3545 tribus
493 3487 698 3563 sequentibus,
707 3489 743 3546 de
758 3489 948 3564 quibusmox
961 3491 1097 3550 dicturus
1112 3503 1194 3543 sum.
1211 3488 1276 3544 ido.
1287 3491 1333 3546 'In

256 3569 382 3627 Oratore
393 3585 420 3623 6.
435 3571 478 3622 16.
498 3563 700 3636 cumuletur,
718 3569 822 3628 Scitam
834 3574 968 3636 cocenim,
979 3571 1054 3640 qaod
1069 3567 1229 3625 Carneadea
1238 3570 1341 3626 dicere'

254 3649 367 3716 solebat,
389 3647 585 3706 Clitomachum
599 3651 694 3704 eadem
710 3648 813 3716 dicere,
831 3647 1016 3706 Carneadem
1039 3647 1131 3702 eodem
1151 3649 1235 3702 etaiam
1253 3651 1338 3710 modo.

255 3728 359 3792 dicere,
372 3724 514 3794 nonnulli,
529 3744 604 3802 quos
619 3725 692 3794 vidi,
703 3725 786 3786 MSti
801 3730 905 3786 habent
918 3725 960 3784 ibi
980 3727 1175 3793 Charmadam,
1188 3739 1338 3802 poscente.

255 3801 347 3863 etiam
356 3821 462 3862 sensu:
484 3806 568 3866 Patet
581 3805 662 3866 idem
676 3823 715 3864 ex
729 3803 760 3869 ii.
777 3814 823 3864 88.
838 3806 898 3875 ubi,
913 3803 1014 3864 Jonsio
1027 3801 1160 3878 primum
1173 3818 1290 3864 notante
1299 3819 1332 3864 et

254 3880 405 3942 Gronovio
418 3887 603 3960 approbante,
616 3905 669 3962 pro
683 3887 855 3944 Carneadem
862 3884 924 3964 jam
938 3884 1057 3960 legibus
1069 3885 1261 3960 Charmadam,
1270 3887 1331 3944 tes-

253 3960 377 4028 timonio
389 3963 478 4022 Plinii
493 3975 523 4024 61
536 3966 705 4026 auctoritate
718 3965 886 4026 MStorum.
928 3963 995 4023 31166
1021 3964 1133 4022 Sextus
1155 3965 1331 4041 Empiricus

253 4061 311 4104 666
326 4045 421 4112 semel
439 4043 510 4104 dicit
525 4046 708 4107 Charmadam
721 4045 782 4123 (vel
799 4043 989 4121 onerandam)
1003 4042 1222 4104 Academicum
1235 4043 1331 4104 fuisse

253 4135 285 4184 61
307 4123 481 4183 Academiae
498 4123 675 4200 principem.
717 4133 774 4184 416.
790 4125 876 4182 Idem
892 4123 1010 4200 scriptis
1024 4123 1183 4185 mandavit
1201 4124 1339 4200 disputa-I

253 4201 367 4272 tionem
375 4206 522 4281 quandam
544 4205 712 4274 Charmada,
725 4205 756 4278 16
769 4201 828 4280 quai
842 4204 1046 4264 Academicus
1060 4203 1116 4263 iste
1129 4205 1233 4278 probat
1246 4204 1341 4277 Rhe-3

254 4283 379 4343 toricam
403 4302 460 4342 non
475 4303 541 4344 esse
554 4295 650 4342 artem
668 4295 699 4344 et
714 4287 860 4351 Rhetorcs
871 4319 873 4322 -
883 4284 1034 4362 exagitata
1052 4279 1120 4360 quae
1142 4281 1328 4342 6166168616

255 4359 403 4437 Empiriai
412 4363 580 4426 testimonia
593 4363 663 4426 buic
672 4362 856 4442 locooptiase
869 4365 1067 4450 'conveniuua¹
1085 4361 1181 4427 ,Utile
1192 4361 1331 4451 inrecte:
