2808 5020
223 392 282 449 ras·
510 445 512 452 ,
625 373 684 446 DE
703 363 910 449 ORATORE

220 535 397 638 separatim
413 533 458 609 de
472 532 527 608 hia
548 535 653 608 rebus
669 504 1068 632 philosophoruin‘more
1091 531 1309 632 respondeab

216 743 292 808 tem
306 731 391 830 ipsis
409 731 453 804 de
463 727 568 804 rebus
584 741 626 805 ut
640 731 870 826 ita‘loquatun
886 737 925 801 ut
936 727 978 808 ii,
994 733 1055 826 qui
1075 731 1164 826 jura,
1181 729 1242 828 qui
1260 729 1319 800 'le-³
1362 776 1365 782 -

215 855 289 930 gea,
302 831 362 928 qui
375 829 531 906 civitates
548 828 820 907 constituerunt,
837 826 943 899 locuti
953 837 1049 908 sunt,
1059 829 1265 926 simpliciter
1276 836 1313 898 et

215 927 412 1026 splendide,
430 930 506 1002 sine
523 928 598 1000 ‘ailla
612 925 700 999 serie
726 924 1011 1022 disputationum,
1034 933 1072 997 et
1098 926 1175 998 sine
1197 925 1319 1022 jejuna

214 1027 482 1102 concertatione
498 1027 692 1101 verborum.
742 1021 829 1098 Hoc
839 1024 973 1098 looone
985 1023 1111 1120 quasit
1121 1022 1315 1105 admiratio,

215 1125 244 1198 si
260 1134 314 1196 tot
326 1134 572 1220 tantarumque
588 1149 702 1196 rerum
718 1123 816 1197 nulla
828 1125 850 1196 d
860 1140 918 1198 me
933 1130 1111 1222 praccepta
1125 1131 1316 1220 ponentur,

214 1222 266 1297 sic
279 1231 419 1306 statu03
442 1223 499 1292 Ut
515 1223 553 1291 in
566 1223 706 1294 caeteris
717 1223 855 1302 artibus,
870 1223 955 1294 cum
970 1221 1093 1294 tradita
1106 1229 1191 1294 sunt
1201 1217 1329 1316 cujus-l

213 1335 284 1418 que
297 1320 378 1392 artis
394 1317 602 1399 difficillima,
619 1317 760 1414 reliqua,
778 1320 859 1417 quia
870 1331 931 1392 aut
943 1317 1094 1392 faciliora
1111 1327 1174 1392 aut
1195 1315 1329 1390 similia·

215 1427 312 1500 sunt,
326 1417 440 1490 ⁹tradi
454 1440 529 1489 non
538 1437 683 1490 necesse
699 1441 798 1504 esae;
823 1417 913 1490 utin
929 1413 1329 1515 picturaqui'hominis'·

214 1516 367 1614 speciem
385 1516 526 1626 pingere
542 1514 772 1611 perdidicerit,
795 1523 991 1614 posse'eum
1015 1515 1167 1614 cujusvis
1187 1514 1240 1587 vel
1252 1512 1321 1595 ior·

214 1617 285 1688 rure
301 1615 356 1685 vel
371 1615 503 1695 aetatis,
531 1613 635 1687 etiarn
663 1613 693 1686 si
710 1639 784 1687 non
806 1613 978 1695 didicerit,
1003 1615 1173 1712 pingere3
1197 1635 1326 1709 neque

214 1735 294 1786 esse
319 1713 523 1808 periculum,
545 1711 605 1808 qui
630 1712 767 1787 leonem
791 1720 852 1786 aut
868 1721 1006 1786 taurum
1021 1713 1143 1814 pingat
1158 1709 1329 1807 egregias

214 1837 262 1884 ne
275 1811 368 1883 idem
383 1810 421 1884 in
436 1810 555 1884 multis
571 1809 646 1884 aliis
659 1810 938 1909 quadrupedibus
951 1812 1077 1884 ‘iacere
1093 1835 1167 1883 non
1184 1808 1302 1906 possit
1311 1821 1331 1878 x*

154 1991 157 2005 Ι
216 1909 235 1957 ῑ
246 1913 380 2006 (neque
396 1909 490 1981 enim
506 1919 563 1980 eat
590 1909 738 1981 omnino
764 1935 818 1982 ars
834 1909 918 1991 ulla,
940 1907 979 1980 in
995 1906 1209 2006 quaomnia,
1234 1923 1329 2002 quae=

215 2005 276 2077 illa
291 2015 364 2076 arte
381 2005 470 2076 effici
481 2013 641 2100 possunt,
659 2007 845 2077 adoctore
864 2006 1064 2093 tradantur3
1090 2006 1159 2075 sed
1176 2003 1236 2100 qui
1253 2003 1328 2102 pri·‘

215 2125 349 2186 marum
365 2109 402 2172 et
418 2110 589 2188 certunm
606 2121 722 2172 rerum
733 2101 943 2212 generaipaa
958 2101 1327 2196 didicerunt,³reliqua·

215 2227 291 2277 non
306 2197 529 2273 incommode
540 2199 817 2296 persequuntur)
833 2222 840 2268 :
866 2196 1023 2272 similiter
1033 2198 1191 2279 arbitror,
1203 2197 1242 2271 in
1253 2197 1322 2274 hac

216 2300 288 2372 siue
298 2299 433 2373 ratione
451 2298 521 2370 sive
538 2297 786 2370 exercitatione
797 2297 949 2384 dicendi,
960 2296 1020 2393 qui
1034 2296 1128 2370 illam
1139 2296 1328 2396 vimadep'

214 2407 272 2470 t'us
285 2397 345 2479 sit‚=
359 2405 398 2468 ut
415 2391 536 2467 eoruin
549 2402 695 2475 mentes,
713 2395 774 2490 qui
786 2404 845 2466 aut
860 2395 904 2467 de
915 2395 1116 2494 Republica,
1125 2403 1197 2468 aut
1209 2393 1255 2468 de
1272 2397 1327 2492 ip‘

215 2494 413 2572 siusrebus,
437 2500 500 2562 aut
514 2491 557 2561 de
574 2491 626 2570 iis,
644 2503 772 2565 conns
788 2515 890 2590 quos,
904 2501 965 2566 aut
974 2517 1044 2590 pro
1070 2491 1320 2591 quibusdan

213 2613 296 2678 canu
308 2589 423 2688 aliqua
433 2587 608 2662 statuendi
619 2598 794 2686 potestate
803 2591 960 2678 audiant,
972 2591 1016 2664 ad
1024 2591 1324 2667 suum'arbitrium

214 2712 355 2762 movere
379 2688 501 2788 possit,
518 2687 676 2760 hunc'de
692 2685 843 2760 totoillo
859 2713 988 2785 genere
1012 2691 1223 2788 reliquarum
1247 2715 1328 2762 ora·

215 2787 355 2862 donum
364 2785 528 2884 nonplus
542 2783 778 2882 quaesiturum
790 2797 880 2868 essa,
890 2787 975 2884 quid
987 2789 1090 2868 dicat,
1102 2788 1210 2885 qudm
1219 2785 1321 2886 Poly-2

215 2886 353 2962 oletum
370 2885 479 2966 illum,
501 2882 583 2974 edm
606 2881 799 2984 Herculem
827 2887 991 2980 fingebat,
1006 2885 1322 2984 'quemadmodum

215 2984 344 3095 pellem
361 2993 423 3055 aut
433 2982 576 3079 hydram
586 2983 746 3080 fingeret,
768 2983 899 3056 etiamsi
917 2981 997 3056 haeo
1013 2995 1206 3078 numquam
1221 3005 1329 3082 sepa·u

1323 2899 1328 2909 ι

89 3151 92 3159 .
214 3093 315 3165 ratim
327 3082 450 3154 *facere
462 3079 652 3154 didicisset
705 3094 709 3100 '

140 3281 143 3292 Ι
241 3219 244 3224 -
264 3181 389 3253 xvii.
415 3179 512 3252 Turn
540 3178 705 3262 Catulus,¹
720 3180 893 3254 Praeclarb
911 3181 996 3256 mihi
1013 3178 1151 3262 videris,
1168 3176 1319 3263 Antoni,

257 3309 276 3358 9
292 3300 395 3378 Vulgb
417 3307 497 3360 tradi
516 3323 574 3364 non
588 3323 703 3368 necesse
720 3319 764 3363 est
776 3303 805 3386 e]
826 3307 962 3370 Multum
976 3306 1059 3366 torsit
1072 3289 1255 3380 Interpreiea'
1269 3300 1318 3362 hic

215 3383 318 3442 locus:
338 3389 513 3458 coneptu'm
529 3401 596 3441 csse
620 3403 727 3442 omnes
737 3385 888 3446 fitentur:
909 3384 1090 3466 quoniamis
1105 3387 1160 3444 bac
1174 3383 1322 3444 renuntia

215 3461 348 3525 accurrit
368 3475 412 3518 eae
427 3460 690 3532 indicativimodia
701 3463 742 3527 in
752 3466 946 3542 aequantibus
959 3464 1034 3526 veri>
1054 3477 1142 3537 passe
1153 3475 1191 3526 at·
1199 3482 1259 3522 essa
1270 3465 1325 3524 Ina

215 3541 330 3612 finitivi.
371 3538 535 3604 Lambinus
545 3539 638 3616 igipur
651 3559 706 3616 pro
715 3551 803 3610 posse
816 3558 847 3608 et
860 3565 919 3608 esee
930 3545 1023 3606 edidit
1031 3555 1128 3616 floreat
1139 3561 1170 3608 et
1182 3555 1227 3602 est
1238 3565 1249 3600 .·
1262 3544 1315 3612 sed

214 3621 352 3680 omuibus
367 3618 450 3678 libris
463 3617 562 3691 MStis
582 3631 612 3676 et
630 3618 786 3696 impressis
805 3624 912 3686 invitis.
948 3624 988 3696 ‘Si
1010 3623 1082 3684 verb
1110 3623 1180 3682 cum
1199 3613 1323 3682 edition.¹

215 3698 340 3757 Medici.
369 3699 447 3757 Ven.
467 3699 540 3756 Asc.
560 3699 663 3774 Steph.
691 3701 774 3760 Man.
798 3715 829 3763 et
857 3705 962 3762 Strebs
975 3715 1088 3764 necnon
1115 3699 1216 3761 Mstis'
1231 3703 1316 3760 Cant.

214 3777 318 3838 Mead.
335 3781 424 3857 Wag.
440 3780 523 3838 Harl.
538 3779 767 3847 deonnaoonv.
785 3782 869 3841 Nori.
880 3785 959 3842 Nov.
975 3785 1037 3842 Bai.
1049 3783 1123 3842 Bod.
1138 3795 1169 3841 et
1182 3784 1264 3842 ioan:
1274 3783 1316 3840 le·
1388 3781 1389 3852 l

214 3876 271 3934 gas
282 3875 345 3914 ease
357 3874 415 3914 non
428 3871 483 3945 est,
494 3858 621 3919 feliciter
634 3861 734 3920 iocum
749 3861 895 3922 restitues.
936 3860 1041 3934 Quart
1054 3861 1126 3921 verb
1140 3855 1322 3938 pctaatffpsa
1388 3855 1389 3934 l

213 3934 304 4016 cujus
318 3935 471 3996 verbivrm
485 3957 544 3996 voa
559 3951 681 4006 esseest
694 3939 835 4000 infinitivi
846 3942 935 4002 modi.
977 3943 1177 4016 Respondeo;
1198 3940 1316 4018 regitur
1388 3941 1389 4014 l

214 4019 234 4084 b
247 4015 381 4094 sequenti
392 4017 482 4074 verbo
494 4019 694 4088 arbitror,ch
708 4021 915 4096 aprscedeno
928 4034 1046 4078 statuo.-
1072 4023 1260 4098 conumque
1272 4021 1314 4076 lo·

215 4096 326 4174 quendi
339 4097 465 4159 modum
478 4099 568 4157 habes
586 4098 615 4158 in
626 4118 651 4156 c.
672 4105 715 4154 14.
729 4113 772 4170 at,
787 4100 850 4158 edm
864 4104 894 4156 ia
904 4107 964 4160 sole
977 4105 1128 4172 ambulem,
1140 4103 1322 4160 etiamst-ali.-

212 4181 302 4234 cmcd
315 4179 610 4248 reassumendum,
625 4178 691 4238 lieri
707 4191 814 4238 natura
825 4192 927 4252 caraea,
940 4193 974 4236 ut
989 4186 1098 4240 colom
1111 4175 1259 4248 asiacum
1273 4183 1315 4236 ie-

216 4269 261 4314 tas
276 4257 597 4330 librom-studiosius
612 4265 742 4328 legerim,
757 4264 1096 4332 cantioni-crismate.
1135 4261 1197 4321 Ubi
1208 4260 1320 4320 modias
1388 4261 1389 4326 l

213 4333 584 4412 infinitivusfiesiregitur
598 4336 614 4393 ὲ
628 4339 880 4415 sequentiamtio.
996 4347 1003 4380 ·⁵
1172 4361 1175 4366 ·
1309 4369 1313 4381 =
1388 4339 1389 4416 i

260 4421 271 4467 1
277 4417 473 4568 piguffiidm
486 4414 548 4498 est]
562 4419 845 4494 lundomensis
858 4420 1030 4502 conjectura
1041 4418 1187 4494 nauci,
1209 4419 1259 4490 wi
1271 4417 1315 4483 ta·
1388 4417 1389 4502 l

216 646 251 710 at
267 635 364 708 certe
376 641 418 708 ut
429 633 467 706 in
479 657 598 708 caussa
607 634 797 730 prudenter
808 633 918 728 possit
932 632 1111 716 intexens
1133 631 1323 706 hisce-au·'
