2808 5020
238 380 295 445 rrr
651 372 711 454 1..)ss
729 371 935 458 operose

235 543 597 620 summumque
623 522 668 596 ed
688 531 860 598 oratorem
876 519 1095 601 deteruntur,
1120 520 1333 604 meditatum

234 619 335 699 mbis
347 619 385 694 iu
398 623 655 720 perpetuumud
672 647 813 702 omnem
826 645 930 694 usum
941 619 1102 702 similium
1118 644 1234 694 rerum
1250 643 1330 694 esse

233 717 394 799 debebit:
422 745 502 794 nam
520 746 582 818 pro
603 718 734 794 tabulis
749 731 787 791 et
800 729 923 792 contro
934 720 1077 799 tabulas,
1093 742 1156 816 pro
1179 717 1331 792 testibus

235 826 275 891 et
290 827 414 892 eontra
431 827 550 899 testes,
562 843 625 915 pro
637 815 905 914 quaestionibus,
915 828 954 892 et
963 826 1085 890 contra
1094 817 1331 912 quaestiones,
1386 883 1389 892 .

234 924 273 988 et
290 915 375 990 item
391 917 435 992 de
460 918 599 992 oaeteris
614 917 718 990 rebus
734 914 887 1011 ejusdem
903 914 1053 1012 generis,
1069 913 1123 990 vel
1148 915 1334 1012 separatim

233 1011 350 1088 dicere
364 1016 515 1090 solemus
524 1015 567 1092 de
580 1041 722 1112 genere,
738 1014 913 1100 universo,
923 1013 978 1092 vel
990 1011 1137 1088 definite
1156 1013 1200 1084 de
1212 1013 1334 1110 singu·

231 1108 275 1194 lis
292 1114 515 1208 temporibus,
530 1113 742 1196 hominibus,
758 1113 900 1188 caussis.
951 1113 1059 1198 Quos
1077 1109 1218 1208 quidem
1234 1112 1337 1186 locos

232 1210 348 1304 (robis
364 1211 440 1292 hoo,
454 1210 564 1284 Cotto
580 1222 616 1282 et
631 1211 767 1308 sulpiti,
783 1211 878 1304 dieo)
904 1211 1016 1288 multa
1030 1208 1337 1292 oommentetione

231 1317 342 1408 atque
359 1307 587 1382 meditatione
602 1317 741 1404 paratos
757 1318 865 1405 utque
881 1308 1065 1406 expeditos
1078 1308 1207 1382 habere
1228 1305 1336 1380 debe·-

232 1405 297 1482 tis:
324 1405 470 1504 longum
485 1413 541 1478 est
565 1406 661 1480 enim
689 1430 786 1480 nuno
810 1430 868 1480 me
899 1407 1088 1504 explicere,
1103 1431 1177 1503 qus
1200 1404 1337 1480 ratione
1393 1435 1394 1484 3

232 1511 298 1580 eut
314 1505 517 1594 ‘confirmare
528 1513 587 1576 aut
602 1503 777 1578 infirmare
794 1512 912 1585 testes,
924 1504 1074 1584 tabulas,
1087 1505 1337 1602 4quaestiorres
1388 1497 1394 1584 l

232 1611 399 1699 oporteat.
449 1599 548 1681 Hreo
559 1611 642 1676 suut
653 1602 770 1688 omnia
785 1601 915 1699 ingenii
928 1603 983 1676 vel
994 1601 1189 1683 mediocris,
1201 1601 1338 1676 exerui·
1392 1585 1394 1624 ¹

230 1701 380 1774 tutionis
405 1710 525 1774 autem
557 1701 740 1778 maximae:
780 1717 890 1775 ortem
919 1701 1064 1812 quidem
1092 1709 1128 1774 et
1156 1709 1341 1797 praeoepta
1392 1721 1394 1774 l

232 1797 403 1884 duntaxat
416 1777 587 1874 imotenus
601 1799 796 1896 requirunt,
813 1813 855 1872 ut
866 1807 968 1872 oertrs
983 1798 1125 1874 dicendi
1136 1797 1333 1872 luminibus
1390 1817 1392 1836 ³

231 1907 413 1976 ornentur.
462 1898 626 1998 Itemque
642 1898 710 1980 illa,
726 1921 809 1994 quae
826 1906 914 1970 sunt
924 1896 1071 1972 alterius
1084 1896 1234 1992 generis,
1252 1918 1336 1992 quur

231 2003 308 2066 tota
331 1996 374 2068 ab
401 2004 538 2067 oratore
562 1995 752 2090 pariuntur,
773 1994 1071 2090 excogitationem
1098 2018 1175 2066 non
1200 1994 1333 2069 habent
1389 2027 1390 2064 1

232 2091 422 2170 difficilem,
438 2091 705 2188 explicationem
722 2091 830 2188 magis
852 2089 1024 2164 illustrem
1051 2091 1332 2190 perpolitamque
1390 2135 1391 2146 κ

232 2187 450 2263 desiderunt.
501 2187 632 2287 Itaque
649 2190 731 2262 cum
748 2189 828 2264 haeo
846 2188 917 2262 duo
933 2187 1035 2262 nobis
1047 2190 1241 2286 quaerenda
1253 2197 1334 2264 sunt
1390 2217 1391 2247 1

186 2367 189 2376 ,
233 2289 273 2376 in
298 2288 440 2369 caussis,
467 2287 629 2386 primum,
654 2288 769 2372 Quid,
793 2287 924 2362 deiude
947 2288 1143 2372 Quomodo
1159 2288 1332 2364 dicamus:
1391 2297 1392 2300 ’

232 2386 390 2467 alterum,
403 2388 500 2482 quod
515 2395 628 2460 tolum
641 2396 717 2458 arte
734 2387 887 2460 tinctum
903 2385 1049 2470 videtur,
1066 2388 1204 2462 tametsi
1226 2397 1332 2462 artem
1390 2428 1392 2456 r

232 2484 389 2580 requirit,
406 2485 523 2556 tumen
540 2482 738 2579 prudentioe
755 2495 810 2556 est
826 2507 932 2580 poene
952 2483 1147 2568 mediooris,
1163 2486 1268 2572 Quid
1289 2483 1332 2558 di·
1391 2501 1392 2504 ’

232 2580 388 2658 cendum
405 2580 463 2661 sit,
489 2579 624 2667 viderer
648 2581 797 2656 alterum
809 2591 876 2663 est,
895 2581 933 2659 in
956 2607 1030 2679 quo
1044 2585 1189 2660 oratoris
1204 2587 1257 2660 vis
1278 2584 1332 2658 ilo

231 2677 349 2760 divino
365 2677 544 2775 virtusque
556 2679 724 2762 cernitur,
738 2706 795 2766 ea,
812 2704 896 2780 quae
909 2680 1061 2768 dicende
1076 2693 1171 2768 suut,
1191 2681 1331 2764 ornate,
1389 2723 1390 2732 κ

232 2803 276 2866 oo
302 2776 704 2875 iosevuriiquedioere.
777 2859 780 2864 ,
875 2818 879 2834 ‹

317 2877 456 2962 XVIII.
482 2875 605 2958 Quare
633 2877 727 2957 illam
755 2885 887 2975 portem
914 2880 1139 2976 superiorem,
1163 2880 1332 2976 quoniam

232 2976 341 3050 semel
357 2974 517 3052 itavobis
533 2975 674 3072 placuit,
702 2991 777 3050 non
795 2977 973 3059 recreabo,
997 3001 1071 3075 quo
1085 2977 1203 3052 minus
1214 3001 1333 3074 perpo
1389 3071 1390 3074 Ἴ

232 3075 312 3150 liam
333 3084 437 3187 atque
454 3075 639 3148 oonfioierrr
657 3077 842 3172 (quantum
866 3099 1070 3172 consequar,
1096 3099 1156 3150 vos
1168 3074 1332 3172 judicabi-

232 3175 307 3265 tis),
325 3175 452 3270 quibus
469 3197 514 3246 ex
530 3173 614 3246 locis
626 3173 675 3248 ad
687 3199 744 3248 eas
761 3183 834 3246 tres
848 3197 913 3257 res,
931 3198 1013 3271 quee
1025 3173 1070 3247 ad
1086 3176 1192 3250 fidem
1205 3174 1331 3248 facien·

231 3273 312 3354 dam
326 3273 413 3350 soloe
429 3272 558 3362 velent,
569 3272 718 3348 dueatur
732 3272 851 3356 oratio,
867 3283 908 3348 ut
924 3298 971 3346 en
981 3272 1214 3364 consilientur
1230 3271 1330 3362 animi

230 3379 267 3444 et
284 3370 477 3446 doceantur
489 3383 527 3442 et
538 3383 763 3446 moveantur:
787 3371 866 3448 hoeo
878 3380 964 3448 sunt
980 3373 1077 3450 euim
1090 3372 1159 3448 trio
1171 3392 1328 3452 numeret

232 3495 273 3544 sa
290 3467 369 3554 vero
388 3467 689 3563 quemadmodum
706 3469 941 3552 illustrentur,
957 3470 1092 3570 proesto
1109 3481 1174 3558 est,
1189 3471 1250 3569 qui
1264 3493 1329 3543 om·
1389 3471 1390 3504 ³

230 3591 296 3640 nes
312 3569 439 3641 dooere
463 3564 587 3663 possit,
612 3567 672 3662 qui
688 3568 754 3642 hoo
770 3567 902 3663 primus
927 3570 966 3642 in
990 3580 1131 3644 nostros
1156 3593 1268 3644 mores
1283 3568 1328 3640 in·
1388 3597 1389 3600 ¹

230 3664 346 3746 duxit,
359 3664 421 3762 qui
436 3663 587 3738 maxime
604 3663 713 3749 auxit,
726 3666 785 3763 qui
799 3667 1033 3743 soluselleoit.
1082 3670 1327 3767 Numqueegor
1389 3689 1390 3694 ’

231 3762 498 3854 Catule(dioam
507 3762 602 3840 euim
614 3787 688 3844 non
698 3790 862 3840 reverens
871 3769 1071 3842 assentandi
1083 3761 1324 3866 suspicionem)

232 3859 412 3942 neminem
422 3883 499 3932 esse
513 3872 685 3938 oratorem
697 3865 800 3961 paulo
811 3863 1031 3944 illustriorem
1042 3866 1198 3948 arbitror,
1216 3883 1326 3959 neque

229 3958 402 4032 Graecum
414 3983 529 4056 neque
544 3961 729 4043 Latinum,
738 3987 844 4060 quem
854 3976 942 4046 aetss
955 3976 1074 4038 nostra
1085 3964 1217 4046 tulerit,
1229 3981 1325 4063 quem

228 4083 307 4142 non
324 4066 361 4132 et
379 4063 478 4154 saepe'
494 4067 530 4130 et
547 4059 731 4158 diligenter
746 4059 922 4138 audierim.
972 4063 1108 4160 Itaque,
1133 4063 1161 4136 si
1177 4061 1260 4161 quid
1276 4062 1325 4128 esi

231 4157 270 4230 in
287 4184 355 4240 me,
372 4155 469 4254 quod
477 4153 552 4253 jam
570 4161 704 4254 sperare
716 4159 845 4240 videor,
857 4159 1025 4258 quoniam
1037 4161 1179 4260 quidem
1193 4184 1263 4242 vos,
1276 4153 1323 4233 hit

229 4253 382 4352 ingeniis
398 4255 572 4338 homines,
598 4267 739 4331 tantum
756 4283 874 4357 operte
891 4259 974 4332 mihi
986 4261 1033 4333 ud
1048 4259 1257 4334 audiendum
1274 4254 1324 4326 da*
1386 4273 1387 4280 ’

271 4428 289 4476 4
305 4425 468 4493 questiones
477 4419 631 4499 oporteat]
644 4423 688 4482 Ito
703 4422 785 4484 Msti
796 4423 857 4482 Bal.
871 4423 952 4484 Joeu.
967 4429 1045 4488 Nor.
1061 4425 1151 4502 Wag.
1166 4427 1246 4500 Meg.
1257 4414 1321 4480 Bod-

231 4511 262 4565 ct
270 4499 354 4572 Nori.
365 4501 472 4588 quibus
483 4501 667 4576 consentiunt
676 4503 830 4575 Manutius
844 4517 875 4566 et
890 4507 1061 4583 Lembipus.
1102 4505 1320 4590 Vulgooporrrr-
1384 4548 1385 4559 ,
