2854 5016
265 407 302 462 26
652 399 712 462 DE
731 387 935 462 ORATORE

237 561 240 566 ’
265 549 369 622 etiam
394 545 544 622 studium
560 543 656 618 'illud
684 545 840 620 discendi
857 543 1056 618 acerrimum
1084 544 1223 632 defuit3'
1238 541 1324 641 quial

263 669 401 726 censes,
423 647 451 718 si
467 643 510 715 ad
526 643 670 740 alicujus
686 643 866 739 ingenium
882 643 935 712 vel
949 643 1065 737 majus*
1075 642 1142 726 illa,
1158 665 1241 740 quae
1255 655 1325 738 ego
1368 685 1373 694 ·

265 767 339 818 non
348 743 456 842 attigi,
477 740 707 816 accesserint?
732 739 871 836 qualem
886 737 995 819 illurn,
1014 749 1051 808 et
1069 752 1238 834 quantum
1250 763 1324 811 ora-

265 853 376 916 torem
392 838 579 914 futurum?

313 940 466 1014 XVIII.
515 938 612 1010 Tum
632 935 818 1014 Antonius,
834 935 961 1006 Probas
975 932 1068 1013 mihi,
1093 933 1221 1030 inquit,
1248 935 1327 1015 ista,
1416 879 1417 912 Ξ

264 1035 398 1118 Crasse,
416 1060 498 1134 quae
514 1035 602 1108 dicis
612 1061 623 1119 ;
648 1059 715 1116 nec
731 1033 864 1114 dubito,
882 1033 968 1132 quin
984 1032 1100 1104 multo
1121 1033 1329 1129 locupletior

265 1135 304 1208 in
325 1135 477 1208 dicendo
500 1133 641 1206 futurus
665 1132 720 1212 sit,
746 1131 775 1204 si
792 1132 870 1228 quis
900 1130 1055 1202 omnium
1080 1153 1193 1204 rerum
1219 1140 1332 1226 atque

264 1233 390 1305 artium
403 1231 572 1304 rationem
590 1237 817 1326 naturamque
837 1227 1149 1325 comprehenderit.
1178 1228 1247 1300 Sed
1263 1227 1332 1324 pri-

265 1329 362 1404 minu¹
378 1329 414 1403 id
429 1327 565 1402 difficile
582 1337 636 1400 est
653 1327 759 1406 lactu,
784 1328 976 1424 praesertim
991 1328 1030 1399 in
1045 1327 1110 1400 hac
1127 1334 1246 1401 nostra
1261 1326 1333 1400 vita

267 1427 464 1525 nostrisque
485 1425 787 1525 occupationibus:
821 1425 947 1499 deinde
969 1424 1056 1498 illud
1079 1425 1184 1500 etiam
1211 1445 1332 1498 veren-

265 1527 352 1600 dum
377 1537 440 1608 est,
464 1551 511 1600 ne
528 1525 761 1598 abstrahamur
776 1525 820 1596 ab
847 1525 910 1600 hac
934 1523 1182 1597 exercitatione
1198 1531 1234 1597 et
1249 1535 1333 1595 con·

267 1625 458 1698 suetudine
475 1623 613 1698 dicendi
630 1624 783 1724 populari
802 1633 840 1698 et
854 1623 1007 1710 forensi3
1030 1621 1124 1696 aliud
1138 1621 1232 1696 enim
1247 1619 1332 1693 mihi

265 1722 440 1818 quoddam
463 1745 577 1822 genus
605 1722 767 1800 orationis
792 1741 871 1794 esse
891 1720 1043 1794 ‹videtur
1067 1722 1201 1794 eorum'
1223 1717 1332 1794 horni-

266 1845 366 1902 num,
383 1821 426 1894 'de
442 1823 569 1922 quibus
585 1823 689 1918 paulo
705 1831 787 1895 aute
808 1820 935 1903 dixisti,
962 1818 1118 1920 quamvis
1132 1819 1182 1892 illi
1205 1815 1337 1895 ornate·

266 1925 303 1988 et
319 1921 463 2010 graviter
476 1933 537 1986 aut
553 1920 598 1983 de
614 1931 736 1990 natura
760 1945 887 2000 rerum,
912 1931 974 1991 aut
987 1919 1213 1992 deliumanie
1228 1916 1333 1988 rebus

267 2011 479 2105 loquantur:
505 2008 657 2082 nitidum
685 2007 859 2103 quoddam
882 2019 1070 2104 genus-est
1097 2016 1281 2080 verborum
1296 2020 1336 2082 et

266 2107 410 2194 laetum3
436 2109 451 2152 2
465 2114 502 2177 et
518 2103 691 2204 palaestrae
707 2105 819 2202 magis,
832 2114 868 2176 et
884 2104 963 2184 olei,
981 2107 1091 2200 quam
1107 2103 1336 2200 hujussoivilis

267 2207 379 2278 turbae
403 2230 442 2278 ao
469 2204 545 2279 fori.
594 2203 759 2300 Namque
787 2205 936 2298 algomet,
956 2201 1016 2297 qui
1043 2199 1122 2274 seri)
1147 2228 1187 2274 ac
1206 2201 1335 2276 leviter

266 2303 413 2380 Graecas
429 2303 556 2377 'literas
571 2302 774 2400 attigissem,
801 2309 920 2373 tamen
946 2301 1029 2374 oiim
1054 2325 1116 2400 pro
1130 2301 1335 2376 consulein

268 2401 425 2474 Ciliciam
436 2399 831 2496 proficiscensAthenas
844 2399 1028 2482 venissem,
1046 2399 1247 2497 complures
1256 2408 1336 2472 turn

267 2499 315 2569 ibi
334 2499 406 2570 dies
434 2522 510 2571 siun
537 2505 678 2596 propter
706 2496 886 2596 navigandi
916 2497 1157 2572 difficultatem
1181 2515 1335 2573 commo·

266 2606 383 2668 ratus:
408 2595 482 2677 sed,
515 2595 597 2670 cum
622 2595 779 2692 quotidie
814 2621 953 2670 mecum
981 2597 1158 2670 haberem
1174 2596 1336 2670 homines

267 2692 497 2776 doctissimos,
511 2707 579 2766 'eos'
591 2696 662 2767 lere
674 2696 778 2791 ipsos,
795 2694 855 2792 qui
871 2696 930 2768 abs
944 2705 981 2769 te
994 2693 1100 2768 modi)
1118 2705 1206 2768 sunt
1225 2693 1334 2769 nomi-

268 2793 355 2874 nati,
378 2789 533 2890 eumque
548 2793 633 2874 hoe,
656 2793 775 2866 nescio
787 2795 975 2892 quomodo,
996 2793 1088 2892 apud
1104 2819 1164 2866 eos
1177 2794 1336 2866 increbu-

268 2889 366 2988 isset,
375 2891 432 2964 me
448 2891 486 2964 in
502 2892 632 2982 caussis
645 2891 839 2988 majoribus,
870 2892 972 2964 sicuti
989 2901 1038 2972 te,
1060 2891 1171 2965 solere
1184 2890 1308 2964 versari
1326 2919 1337 2976 3

267 3012 331 3086 pro
343 3013 380 3060 se
397 2988 557 3088 quisque,
579 2997 622 3061 ut
639 2991 793 3086 poterat,
803 2989 845 3062 de
860 2991 972 3063 officio
984 2999 1021 3062 et
1038 2989 1172 3062 ratione
1188 2988 1336 3062 oratoris

268 3087 476 3185 disputabat.
524 3089 662 3162 Horum
678 3087 742 3169 alii,
762 3088 863 3161 'sicut
891 3089 957 3160 iste
985 3089 1062 3184 ipse
1091 3088 1335 3170 Mnesarchus,

169 3241 171 3248 ,
268 3183 345 3264 hos,
374 3210 461 3280 quos
485 3211 551 3261 nos
574 3193 726 3260 oratores
741 3199 953 3266 vocaremus,
971 3187 1073 3260 nihil
1088 3209 1166 3258 esse
1188 3184 1337 3267 daebal,

270 3281 336 3353 nisi
358 3281 526 3377 quosdam
541 3286 713 3378 operarios
725 3285 844 3382 lingua
855 3285 959 3358 celeri
976 3294 1014 3357 et
1029 3285 1238 3362 exercitata:
1263 3307 1336 3356 ora-

269 3389 381 3454 torem
396 3387 525 3461 autem,
542 3381 610 3452 nisi
630 3384 689 3476 qui
707 3384 844 3478 sapiens
857 3393 961 3464 esset,
982 3408 1058 3457 esse
1075 3383 1271 3461 neminem:
1288 3390 1337 3454 at·

270 3503 338 3575 que
352 3477 459 3573 ipsam
475 3477 725 3570 eloquentiam,
748 3479 843 3574 quod
858 3483 1011 3562 erbeus
1032 3477 1172 3550 dicendi
1189 3477 1338 3567 scientia

269 3582 456 3654 constaret,
473 3597 581 3646 unam
596 3575 773 3672 quandam
785 3601 861 3650 esse
879 3580 1068 3664 virtutem3
1093 3583 1130 3646 et
1148 3575 1207 3673 qui
1225 3599 1336 3652 numu

269 3671 433 3746 virtutem
449 3672 602 3754 haberet,
618 3697 740 3748 omues
756 3673 903 3760 habere3
927 3673 1082 3770 3easque
1094 3688 1175 3746 ‘esse
1187 3674 1279 3748 inter
1296 3701 1336 3748 se

269 3770 425 3866 aequales
442 3780 478 3843 et
494 3769 614 3868 pares:
639 3772 685 3846 ita
697 3773 757 3870 qui
774 3782 867 3846 esset
883 3772 1068 3868 eloquens,
1086 3769 1173 3846 veum
1187 3773 1334 3846 virtutes

274 3964 276 3966 .
309 3922 327 3972 2
340 3925 372 3974 et
380 3912 532 3996 palestra]
543 3914 711 3994 Vulgdaed
718 3942 730 3986 ,·
748 3916 870 3974 'iuterim
885 3923 981 3996 nostra
994 3915 1083 3976 lectio
1102 3929 1182 3977 extat
1191 3900 1220 3976 in
1236 3915 1334 3978 MSiis

271 3997 351 4056 Ioan.
376 3994 461 4054 Nori.
477 3995 558 4072 Mag.
573 4011 602 4057 et
617 3997 698 4056 Harl.
714 3999 844 4058 duobus:
873 4013 929 4054 nec
947 3995 1032 4054 aliter
1044 3997 1188 4068 Quinctil.
1202 3997 1336 4073 loquitur

269 4079 301 4138 iu
314 4078 384 4134 lust.
399 4077 481 4136 Orat.
496 4095 524 4133 x.
546 4083 566 4131 l.
609 4080 755 4136 Isocrates
765 4081 800 4134 in
812 4079 926 4134 diuerso
937 4079 1048 4134 dicendi
1062 4095 1171 4150 genere
1184 4082 1334 4138 uitiasset
1416 4073 1417 4108 ³

271 4165 410 4227 comptae,
424 4167 454 4214 et
462 4160 602 4228 fialaeatrae
617 4157 703 4229 qudm
713 4169 823 4232 jzugnae
833 4159 1169 4229 magiaaecommodatua,
1186 4179 1281 4216 omnes
1293 4163 1336 4218 di·

271 4242 353 4294 cendi
361 4253 482 4293 verteres
496 4247 623 4294 sectatus
638 4251 691 4295 eat.

312 4323 327 4372 3
348 4335 451 4388 eaeque
461 4335 523 4372 esre
537 4321 616 4372 incer
629 4337 659 4384 aa
671 4313 899 4404 aquales]MStj
910 4319 1001 4376 Cant.-
1013 4317 1095 4374 Harl.
1124 4320 1259 4394 2.·Wag·
1270 4319 1333 4378 Bal.

271 4395 350 4454 toan.
371 4399 447 4493 Nou
465 4397 548 4474 Mag.
563 4407 593 4456 et
606 4399 638 4457 N
640 4385 692 4455 drl.
707 4395 906 4490 editionesque
927 4399 1004 4458 Ven.
1015 4395 1142 4458 ⁴Mediol.
1158 4398 1256 4458 Caroli
1268 4398 1336 4459 Sie-
