2882 5012
563 369 690 432 LIBER
704 373 761 431 111.
777 380 821 430 55.
1194 377 1252 435 277

119 527 222 603 tum,
234 526 269 592 et
277 516 479 601 declinatio,
501 527 537 591 et
560 519 794 615 reprehensio,
814 525 850 590 et
862 516 1075 599 exclamatio,
1091 528 1128 592 et
1142 518 1252 593 immi·

124 619 260 692 mutio:
285 627 322 692 et
338 614 435 714 quod
452 616 489 690 in
498 613 616 689 multis
633 617 768 689 casibus
779 615 935 714 ponitur:
961 627 998 688 et
1009 615 1104 712 quod
1121 617 1164 694 de
1182 619 1249 692 sin·

120 718 221 814 gulis
237 718 340 790 rebus
366 714 552 814 propositis
578 713 725 787 ductum
738 719 884 788 retertur
908 713 951 786 ad
973 713 1132 812 singula:
1158 718 1253 790 etad

125 815 346 912 propositum
360 813 520 910 subjecta
535 810 633 892 ratio,
649 821 687 884 et
701 814 785 885 item
810 813 848 884 in
870 811 1060 884 distributis
1075 815 1252 912 supposita

124 913 235 994 ratio,
248 925 285 986 et
301 911 489 1010 permissio,
506 919 543 982 et
553 933 690 983 rursum
705 910 771 983 alia
782 909 960 992 dubitatio,
976 920 1011 980 et
1029 910 1250 1006 improvisum

114 1011 307 1108 quiddam,
323 1021 362 1082 et
371 1007 610 1088 dinumeratio,
627 1017 664 1080 et
687 1008 753 1080 alia
775 1009 954 1090 correctio,
972 1008 988 1058 3
1003 1020 1040 1081 et
1052 1009 1250 1107 disputatio,

126 1116 167 1181 et
180 1109 278 1206 quod
295 1107 550 1187 continuatum,
566 1113 603 1178 et
621 1106 867 1202 interruptum,
884 1116 920 1178 et
937 1107 1060 1202 imago,
1077 1117 1112 1180 et
1129 1106 1189 1180 sibi
1204 1107 1251 1206 ip·

130 1206 162 1278 si
175 1205 368 1302 responsio,
397 1215 435 1278 et
449 1203 657 1286 immutatio,
682 1213 719 1276 et
735 1205 936 1302 disjunctio,
959 1215 996 1278 et
1012 1205 1107 1287 ordo,
1124 1217 1158 1280 et
1172 1207 1251 1278 rela-
1275 1279 1279 1285 ,

11 1353 12 1362 κ
124 1303 192 1387 tio,
210 1302 445 1399 etdegressio,
458 1312 494 1376 et
506 1301 786 1399 circumscriptio.
834 1299 932 1376 Haec
948 1303 1041 1376 enim
1058 1313 1143 1376 sunt
1167 1303 1251 1384 fere,

11 1465 12 1488 ,
111 1416 234 1498 ¹atque
246 1402 368 1474 horum
380 1401 513 1484 similia,
527 1401 581 1473 vel
594 1400 693 1497 plura
705 1399 809 1473 etiam
821 1425 897 1473 esse
909 1410 1066 1496 possunt,
1077 1425 1160 1497 quae
1172 1425 1250 1474 sen·

10 1554 13 1562 .
127 1499 252 1572 tentiis
268 1499 474 1582 orationem,
491 1499 746 1595 verborumque
771 1498 1106 1572 conformationibus
1130 1498 1253 1572 illumi·

128 1605 234 1676 nent.
361 1645 393 1670 ‹.

9 1759 11 1777 2
179 1697 259 1774 LV.
286 1697 383 1782 Quae
396 1697 541 1794 quidem
555 1704 602 1778 te,
614 1694 748 1776 Crasse,
764 1695 874 1777 video,
888 1694 1005 1792 inquit
1016 1694 1134 1778 Cotta,
1150 1695 1250 1794 qubd

9 1847 12 1856 ·
126 1803 311 1868 nota-esse
327 1796 427 1868 nobis
442 1804 557 1892 putes,
572 1794 647 1868 sine
671 1793 928 1867 definitionibus
943 1803 979 1865 et
994 1795 1069 1865 sine
1081 1793 1250 1889 exemplis

8 1947 10 1955 .
120 1889 306 1964 effudisse.
356 1894 433 1990 Ego
448 1891 542 1974 verb,
559 1893 675 1992 inquit
688 1891 845 1974 Crassus,
858 1881 978 1976 ncilla
990 1891 1147 1988 quidem,
1164 1915 1249 1988 quae

124 2011 234 2085 supra
247 1989 327 2071 dixi,
339 2015 428 2063 nova
437 1991 531 2064 vobis
540 2015 619 2065 esse
629 1990 826 2072 arbitrabar,
838 1990 897 2064 sed
911 1990 1083 2062 voluntati
1095 1991 1249 2062 vestrfim

127 2088 287 2162 omnium
300 2089 405 2186 parui.
455 2089 522 2164 His
537 2100 656 2166 autem
671 2089 715 2162 de
726 2090 828 2164 rebus
843 2089 894 2162 sol
906 2114 960 2162 me
977 2089 1036 2161 ille
1054 2089 1248 2170 admonuit,

126 2193 173 2256 ut
188 2185 321 2258 brevior
335 2211 459 2268 essem,
473 2188 534 2286 qui
551 2189 624 2285 ipse
628 2188 698 2284 jam
709 2188 930 2284 praecipitans
943 2213 998 2260 me
1015 2212 1155 2284 quoque
1171 2186 1251 2258 haec
1320 2205 1328 2248 t

128 2283 352 2381 praecipitem
364 2309 470 2382 paene
484 2287 641 2359 evolvere
652 2285 777 2382 coegit.
805 2285 874 2357 Sed
892 2295 1008 2358 tamen
1024 2285 1127 2382 hujus
1144 2309 1250 2384 gene·
1317 2265 1328 2357 l

124 2380 177 2452 ris
200 2381 452 2456 demonstratio
468 2394 534 2466 est,
563 2394 602 2456 et
615 2383 773 2457 doctrina
797 2383 878 2483 ipsa,
907 2383 1071 2478 tulgaris3
1094 2407 1180 2455 usus
1195 2408 1251 2455 au·
1301 2377 1325 2468 ‘l

124 2485 202 2551 tem
215 2479 446 2577 gravissimus,
460 2491 499 2554 et
515 2482 553 2554 in
570 2481 638 2556 hoc
646 2491 723 2556 toto
736 2482 875 2556 dicendi
890 2482 1004 2555 studio
1016 2481 1249 2556 difficillimus.

126 2575 382 2660 Quamobrem,
411 2579 579 2674 quonism
603 2581 647 2656 de
672 2590 802 2654 ornatu
830 2580 925 2655 omni
945 2580 1113 2653 orationis
1130 2582 1148 2630 4
1164 2589 1250 2654 sunt
1315 2587 1321 2638 ἵ

121 2675 305 2756 omnessi
328 2700 401 2748 non
413 2675 587 2772 patefacti,
608 2680 751 2754 atcerte
770 2679 1029 2752 commonstrati
1047 2679 1252 2768 loci3nuno,
1314 2675 1323 2762 l

122 2771 217 2867 quid
233 2783 353 2867 aptrmr
367 2772 424 2856 sit,
440 2773 508 2846 hoc
524 2784 589 2856 est,
603 2777 690 2873 quid
713 2775 862 2848 maxime
880 2775 1006 2850 deceat
1019 2773 1056 2845 in
1082 2775 1248 2855 oratione,

124 2867 325 2954 videamus:
341 2897 550 2970 quamquam
561 2873 596 2945 id
606 2873 751 2972 quidem
764 2875 985 2971 perspicuum
997 2882 1066 2949 est,
1094 2895 1166 2944 non
1181 2899 1250 2946 om-

126 2967 167 3042 ni
195 2993 343 3052 caussae,
368 2996 436 3044 nec
457 2971 614 3053 auditori,
631 2997 747 3068 neque
765 2995 935 3070 personae,
961 2994 1078 3066 neque
1103 2975 1250 3069 tempori

121 3089 323 3164 congruere
340 3069 504 3142 orationis
521 3095 632 3145 unum
648 3095 770 3168 genus.
797 3073 834 3143 N
835 3097 889 3144 am
907 3079 945 3142 et
970 3093 1102 3142 caussae
1129 3071 1248 3167 capitis

126 3164 234 3238 alium
258 3167 437 3263 quendam
454 3171 638 3243 verborum
655 3194 779 3243 sonum
802 3169 996 3266 requirunt,
1014 3167 1118 3240 aliurn
1134 3194 1249 3242 rerum

124 3262 336 3360 privatarum
343 3275 452 3362 atque
468 3291 663 3364 parvarum:
688 3275 723 3340 et
740 3267 833 3341 aliud
845 3266 982 3340 dicendi
993 3291 1104 3362 genus
1123 3267 1251 3340 delibe-

125 3360 294 3451 rationes,
316 3365 415 3446 aliud
428 3365 659 3447 laudationes,
682 3367 776 3442 aliud
795 3365 934 3462 Judioia,
951 3364 1047 3438 aliud
1061 3391 1249 3447 sermones,

129 3458 223 3532 aliud
241 3463 451 3542 consolatio,
477 3462 571 3536 aliud
598 3465 798 3562 objurgatio,
819 3465 916 3540 aliud
933 3464 1135 3562 disputatio,
1153 3465 1250 3540 aliud

169 3608 186 3659 3
203 3613 231 3658 et
245 3601 424 3683 dicebaris]
437 3603 542 3678 Vulgb
557 3605 738 3675 disputatio.-
757 3609 809 3666 sed
824 3621 872 3668 aut
885 3620 981 3668 tacent
994 3605 1043 3664 hic
1059 3607 1249 3684 Interpretes,

125 3694 177 3740 aut
191 3680 350 3744 infelicitur
363 3685 400 3742 de
415 3683 518 3758 figura,
546 3702 613 3761 quae
628 3685 735 3745 dicitur
759 3690 923 3758 dissecratio,
948 3685 1115 3764 conjiciunt.
1157 3689 1250 3752 Nulla

125 3759 220 3837 hujus
229 3763 360 3824 nominis
375 3765 453 3836 apud
482 3765 597 3822 rhetora
607 3779 788 3824 memoratur
800 3768 903 3844 figura.
938 3767 1057 3840 Quinet.
1068 3782 1168 3828 tamen
1182 3774 1247 3829 haec

126 3841 217 3896 verba
226 3837 380 3900 Ciceronis
393 3843 502 3900 eodem
516 3846 650 3907 modoix.
667 3853 689 3901 l.
700 3845 768 3905 citat
780 3868 787 3914 ;
800 3850 860 3904 sed.
875 3859 905 3906 et
912 3847 950 3905 ibi
965 3845 1032 3908 MS.
1046 3847 1117 3906 Bod.
1131 3865 1249 3923 tresque

124 3929 186 3975 vet.
201 3917 353 3989 editiones,
362 3921 432 3979 etin
448 3924 503 3979 hoe
517 3922 670 3982 Ciceronis
680 3930 743 3982 loco
754 3941 809 3987 ret·
821 3927 856 3984 C.
874 3929 1014 4004 Stephani
1029 3927 1105 3995 libri,
1120 3941 1150 3985 et
1165 3927 1248 3988 Msti

127 3998 214 4057 Joan.
225 3998 306 4056 Harl.
323 4005 345 4054 l.
358 4003 446 4076 Wag.
459 4003 540 4060 Cant.
556 4016 587 4062 et
599 4022 721 4080 excerp.
738 4009 813 4064 Nor.
830 4007 969 4067 exhibent
982 4011 1147 4076 atsflutaero.
1165 4007 1249 4068 Hanc

124 4077 399 4142 autsmlectionem
410 4080 427 4141 *a
440 4082 595 4141 Ciceronis
606 4084 1070 4162 manurenissetestatur-Quium.
1088 4085 1117 4140 in
1141 4085 1249 4160 eodem

124 4173 189 4234 cap.
214 4157 381 4214 Contrane
392 4161 523 4230 dispersa
538 4176 617 4229 sunt,
631 4163 721 4233 quad
738 4165 871 4223 Cicerone
886 4167 1026 4244 dissipata
1042 4165 1097 4220 dici
1105 4172 1188 4232 fruto.

226 4246 282 4298 Ere
292 4262 395 4316 segetes,
406 4257 456 4306 illic
465 4255 672 4319 wrannrfeb'sius
682 4271 741 4316 uva,

228 4315 415 4383 Arbneisaaus
424 4323 485 4372 olibi
494 4345 505 4380 ,·
788 4325 861 4392 Vir-g.
874 4329 968 4392 Georg.
979 4324 995 4374 i.
1007 4326 1047 4375 54.

167 4407 185 4458 4
200 4411 421 4476 anatomicam
435 4407 520 4484 non]
533 4411 578 4468 Ita
590 4410 752 4485 elegantiis
766 4419 856 4489 paulo
872 4412 953 4472 msa
972 4413 1054 4470 Joan.
1079 4425 1108 4470 et
1120 4413 1204 4478 Harl.
1225 4420 1248 4470 Ι.

125 4481 388 4572 rerbasbponuu,
401 4486 472 4548 clun
482 4488 650 4568 insurgatis
661 4491 729 4558 edit.
742 4495 882 4576 legimus,
892 4497 919 4551 si
927 4511 983 4550 non
994 4505 1064 4554 auat
1079 4514 1180 4566 omres,
1191 4505 1246 4556 etc.
