<?xml version="1.0" encoding="UTF-8"?>
<!DOCTYPE html PUBLIC "-//W3C//DTD XHTML 1.0 Transitional//EN"
    "http://www.w3.org/TR/xhtml1/DTD/xhtml1-transitional.dtd">
<html xmlns="http://www.w3.org/1999/xhtml" xml:lang="en" lang="en">
 <head>
  <title>
</title>
<meta http-equiv="Content-Type" content="text/html;charset=utf-8" />
  <meta name='ocr-system' content='tesseract 3.04.00' />
  <meta name='ocr-capabilities' content='ocr_page ocr_carea ocr_par ocr_line ocrx_word'/>
</head>
<body>
  <div class='ocr_page' id='page_1' title='image "./mtulliiciceroni00peargoog_0139.png"; bbox 0 0 2808 5020; ppageno 0'>
   <div class='ocr_carea' id='block_1_1' title="bbox 7 119 9 486">
    <p class='ocr_par' dir='ltr' id='par_1_1' title="bbox 7 119 9 486">
     <span class='ocr_line' id='line_1_1' title="bbox 7 119 9 178; baseline 0 0"><span class='ocrx_word' id='word_1_1' title='bbox 7 119 9 178; x_wconf 90' lang='lat' dir='ltr'>l</span> 
     </span>
     <span class='ocr_line' id='line_1_2' title="bbox 7 365 9 424; baseline 0 0"><span class='ocrx_word' id='word_1_2' title='bbox 7 365 9 424; x_wconf 90' lang='lat' dir='ltr'>l</span> 
     </span>
     <span class='ocr_line' id='line_1_3' title="bbox 7 429 9 486; baseline 0 0"><span class='ocrx_word' id='word_1_3' title='bbox 7 429 9 486; x_wconf 88' lang='lat' dir='ltr'>l</span> 
     </span>
    </p>
   </div>
   <div class='ocr_carea' id='block_1_2' title="bbox 7 549 9 626">
    <p class='ocr_par' dir='ltr' id='par_1_2' title="bbox 7 549 9 626">
     <span class='ocr_line' id='line_1_4' title="bbox 7 549 9 626; baseline 0 0"><span class='ocrx_word' id='word_1_4' title='bbox 7 549 9 626; x_wconf 90' lang='lat' dir='ltr'>l</span> 
     </span>
    </p>
   </div>
   <div class='ocr_carea' id='block_1_3' title="bbox 7 1801 10 1972">
    <p class='ocr_par' dir='ltr' id='par_1_3' title="bbox 7 1801 10 1972">
     <span class='ocr_line' id='line_1_5' title="bbox 7 1801 10 1972; baseline 0 0"><span class='ocrx_word' id='word_1_5' title='bbox 7 1801 10 1972; x_wconf 89' lang='lat' dir='ltr'>l</span> 
     </span>
    </p>
   </div>
   <div class='ocr_carea' id='block_1_4' title="bbox 72 383 1251 1732">
    <p class='ocr_par' dir='ltr' id='par_1_4' title="bbox 72 383 1251 1732">
     <span class='ocr_line' id='line_1_6' title="bbox 499 383 1182 468; baseline -0.012 0"><span class='ocrx_word' id='word_1_6' title='bbox 499 383 760 468; x_wconf 68' lang='lat' dir='ltr'>erasure-n!</span> <span class='ocrx_word' id='word_1_7' title='bbox 1125 386 1182 462; x_wconf 78' lang='lat' dir='ltr'>lat</span> 
     </span>
     <span class='ocr_line' id='line_1_7' title="bbox 75 539 1180 654; baseline -0.011 -21"><span class='ocrx_word' id='word_1_8' title='bbox 75 553 123 634; x_wconf 75' lang='lat' dir='ltr'>td</span> <span class='ocrx_word' id='word_1_9' title='bbox 135 539 423 641; x_wconf 73' lang='lat' dir='ltr'>eornm&#39;animos,</span> <span class='ocrx_word' id='word_1_10' title='bbox 451 555 545 654; x_wconf 90' lang='lat' dir='ltr'>apud</span> <span class='ocrx_word' id='word_1_11' title='bbox 560 577 649 653; x_wconf 92' lang='lat' dir='ltr'>quos</span> <span class='ocrx_word' id='word_1_12' title='bbox 665 553 824 634; x_wconf 81' lang='lat' dir='ltr'>dicimus,</span> <span class='ocrx_word' id='word_1_13' title='bbox 841 549 951 633; x_wconf 87' lang='lat' dir='ltr'>adid,</span> <span class='ocrx_word' id='word_1_14' title='bbox 976 549 1072 648; x_wconf 86' lang='lat' dir='ltr'>quod</span> <span class='ocrx_word' id='word_1_15' title='bbox 1088 548 1180 622; x_wconf 74' lang='lat' dir='ltr'>volu2</span> 
     </span>
     <span class='ocr_line' id='line_1_8' title="bbox 72 647 1180 736; baseline -0.012 -5"><span class='ocrx_word' id='word_1_16' title='bbox 72 672 175 736; x_wconf 84' lang='lat' dir='ltr'>mus,</span> <span class='ocrx_word' id='word_1_17' title='bbox 191 653 471 729; x_wconf 87' lang='lat' dir='ltr'>commovendos.</span> <span class='ocrx_word' id='word_1_18' title='bbox 534 653 590 726; x_wconf 87' lang='lat' dir='ltr'>Ita</span> <span class='ocrx_word' id='word_1_19' title='bbox 606 653 699 726; x_wconf 89' lang='lat' dir='ltr'>ratio</span> <span class='ocrx_word' id='word_1_20' title='bbox 724 651 836 726; x_wconf 88' lang='lat' dir='ltr'>omnis</span> <span class='ocrx_word' id='word_1_21' title='bbox 854 651 991 725; x_wconf 87' lang='lat' dir='ltr'>dicendi</span> <span class='ocrx_word' id='word_1_22' title='bbox 1006 649 1116 722; x_wconf 88' lang='lat' dir='ltr'>tribus</span> <span class='ocrx_word' id='word_1_23' title='bbox 1132 647 1180 720; x_wconf 89' lang='lat' dir='ltr'>ad</span> 
     </span>
     <span class='ocr_line' id='line_1_9' title="bbox 77 749 1179 852; baseline -0.01 -24"><span class='ocrx_word' id='word_1_24' title='bbox 77 752 369 852; x_wconf 85' lang='lat' dir='ltr'>persuadendum</span> <span class='ocrx_word' id='word_1_25' title='bbox 379 749 485 823; x_wconf 90' lang='lat' dir='ltr'>rebus</span> <span class='ocrx_word' id='word_1_26' title='bbox 497 759 552 822; x_wconf 88' lang='lat' dir='ltr'>est</span> <span class='ocrx_word' id='word_1_27' title='bbox 563 750 645 822; x_wconf 88' lang='lat' dir='ltr'>nixa</span> <span class='ocrx_word' id='word_1_28' title='bbox 657 775 667 834; x_wconf 86' lang='lat'>3</span> <span class='ocrx_word' id='word_1_29' title='bbox 693 759 731 823; x_wconf 93' lang='lat' dir='ltr'>ut</span> <span class='ocrx_word' id='word_1_30' title='bbox 743 751 929 847; x_wconf 84' lang='lat' dir='ltr'>probemus</span> <span class='ocrx_word' id='word_1_31' title='bbox 942 775 1020 823; x_wconf 84' lang='lat' dir='ltr'>vera</span> <span class='ocrx_word' id='word_1_32' title='bbox 1032 767 1179 828; x_wconf 78' lang='lat' dir='ltr'>esseest,</span> 
     </span>
     <span class='ocr_line' id='line_1_10' title="bbox 78 843 1180 950; baseline -0.012 -22"><span class='ocrx_word' id='word_1_33' title='bbox 78 875 169 950; x_wconf 84' lang='lat' dir='ltr'>quae</span> <span class='ocrx_word' id='word_1_34' title='bbox 185 851 422 936; x_wconf 84' lang='lat' dir='ltr'>defendimus;</span> <span class='ocrx_word' id='word_1_35' title='bbox 445 852 488 920; x_wconf 86' lang='lat' dir='ltr'>rit</span> <span class='ocrx_word' id='word_1_36' title='bbox 499 848 728 922; x_wconf 82' lang='lat' dir='ltr'>conciliemus</span> <span class='ocrx_word' id='word_1_37' title='bbox 740 847 840 920; x_wconf 89' lang='lat' dir='ltr'>nobis</span> <span class='ocrx_word' id='word_1_38' title='bbox 852 871 922 930; x_wconf 89' lang='lat' dir='ltr'>eos,</span> <span class='ocrx_word' id='word_1_39' title='bbox 937 849 996 945; x_wconf 90' lang='lat' dir='ltr'>qui</span> <span class='ocrx_word' id='word_1_40' title='bbox 1009 843 1180 927; x_wconf 67' lang='lat' dir='ltr'>audiunt}</span> 
     </span>
     <span class='ocr_line' id='line_1_11' title="bbox 77 945 1189 1044; baseline -0.009 -20"><span class='ocrx_word' id='word_1_41' title='bbox 77 960 121 1024; x_wconf 79' lang='lat' dir='ltr'>ut</span> <span class='ocrx_word' id='word_1_42' title='bbox 131 951 263 1024; x_wconf 87' lang='lat' dir='ltr'>animos</span> <span class='ocrx_word' id='word_1_43' title='bbox 278 972 412 1029; x_wconf 88' lang='lat' dir='ltr'>eorum,</span> <span class='ocrx_word' id='word_1_44' title='bbox 430 946 477 1019; x_wconf 86' lang='lat' dir='ltr'>ad</span> <span class='ocrx_word' id='word_1_45' title='bbox 489 969 751 1044; x_wconf 88' lang='lat' dir='ltr'>quemcumque</span> <span class='ocrx_word' id='word_1_46' title='bbox 768 969 887 1019; x_wconf 83' lang='lat' dir='ltr'><strong>caussa</strong></span> <span class='ocrx_word' id='word_1_47' title='bbox 903 945 1092 1042; x_wconf 75' lang='lat' dir='ltr'>postulabit</span> <span class='ocrx_word' id='word_1_48' title='bbox 1107 947 1189 1016; x_wconf 52' lang='lat' dir='ltr'>mo?</span> 
     </span>
     <span class='ocr_line' id='line_1_12' title="bbox 76 1043 1183 1143; baseline -0.009 -21"><span class='ocrx_word' id='word_1_49' title='bbox 76 1057 168 1130; x_wconf 83' lang='lat' dir='ltr'>tum,</span> <span class='ocrx_word' id='word_1_50' title='bbox 186 1069 362 1122; x_wconf 84' lang='lat' dir='ltr'>vocemus.</span> <span class='ocrx_word' id='word_1_51' title='bbox 411 1043 469 1118; x_wconf 90' lang='lat' dir='ltr'>Ad</span> <span class='ocrx_word' id='word_1_52' title='bbox 483 1044 703 1143; x_wconf 88' lang='lat' dir='ltr'>probandum</span> <span class='ocrx_word' id='word_1_53' title='bbox 720 1052 837 1116; x_wconf 85' lang='lat' dir='ltr'>autern</span> <span class='ocrx_word' id='word_1_54' title='bbox 853 1043 985 1141; x_wconf 83' lang='lat' dir='ltr'>duplex</span> <span class='ocrx_word' id='word_1_55' title='bbox 1000 1053 1056 1118; x_wconf 89' lang='lat' dir='ltr'>est</span> <span class='ocrx_word' id='word_1_56' title='bbox 1071 1043 1183 1115; x_wconf 62' lang='lat' dir='ltr'>orato*</span> 
     </span>
     <span class='ocr_line' id='line_1_13' title="bbox 74 1139 1182 1244; baseline -0.01 -24"><span class='ocrx_word' id='word_1_57' title='bbox 74 1146 104 1220; x_wconf 87' lang='lat' dir='ltr'>ri</span> <span class='ocrx_word' id='word_1_58' title='bbox 122 1147 283 1244; x_wconf 83' lang='lat' dir='ltr'>subjecta</span> <span class='ocrx_word' id='word_1_59' title='bbox 298 1142 481 1218; x_wconf 86' lang='lat' dir='ltr'>materies:</span> <span class='ocrx_word' id='word_1_60' title='bbox 506 1167 578 1217; x_wconf 85' lang='lat' dir='ltr'>una</span> <span class='ocrx_word' id='word_1_61' title='bbox 594 1167 710 1218; x_wconf 89' lang='lat' dir='ltr'>rerum</span> <span class='ocrx_word' id='word_1_62' title='bbox 727 1165 939 1238; x_wconf 76' lang='lat' dir='ltr'>eorumquae</span> <span class='ocrx_word' id='word_1_63' title='bbox 953 1167 1027 1216; x_wconf 90' lang='lat' dir='ltr'>non</span> <span class='ocrx_word' id='word_1_64' title='bbox 1044 1139 1182 1238; x_wconf 82' lang='lat' dir='ltr'>excogi·</span> 
     </span>
     <span class='ocr_line' id='line_1_14' title="bbox 73 1239 1179 1340; baseline -0.008 -21"><span class='ocrx_word' id='word_1_65' title='bbox 73 1255 200 1318; x_wconf 82' lang='lat' dir='ltr'>tantur</span> <span class='ocrx_word' id='word_1_66' title='bbox 222 1245 266 1316; x_wconf 87' lang='lat' dir='ltr'>ab</span> <span class='ocrx_word' id='word_1_67' title='bbox 281 1251 432 1322; x_wconf 88' lang='lat' dir='ltr'>oratore,</span> <span class='ocrx_word' id='word_1_68' title='bbox 444 1241 505 1316; x_wconf 90' lang='lat' dir='ltr'>sed</span> <span class='ocrx_word' id='word_1_69' title='bbox 521 1241 585 1316; x_wconf 79' lang='lat' dir='ltr'>2in</span> <span class='ocrx_word' id='word_1_70' title='bbox 601 1266 640 1314; x_wconf 86' lang='lat' dir='ltr'>rc</span> <span class='ocrx_word' id='word_1_71' title='bbox 656 1239 783 1340; x_wconf 80' lang='lat' dir='ltr'>positae</span> <span class='ocrx_word' id='word_1_72' title='bbox 808 1242 941 1312; x_wconf 89' lang='lat' dir='ltr'>ratione</span> <span class='ocrx_word' id='word_1_73' title='bbox 958 1246 1154 1314; x_wconf 84' lang='lat' dir='ltr'>tractantur</span> <span class='ocrx_word' id='word_1_74' title='bbox 1168 1265 1179 1324; x_wconf 82' lang='lat'>3</span> 
     </span>
     <span class='ocr_line' id='line_1_15' title="bbox 73 1335 1178 1438; baseline -0.006 -22"><span class='ocrx_word' id='word_1_75' title='bbox 73 1355 119 1416; x_wconf 89' lang='lat' dir='ltr'>ut</span> <span class='ocrx_word' id='word_1_76' title='bbox 132 1343 276 1423; x_wconf 79' lang='lat' dir='ltr'>tabulae,</span> <span class='ocrx_word' id='word_1_77' title='bbox 289 1339 503 1421; x_wconf 82' lang='lat' dir='ltr'>testimonia,</span> <span class='ocrx_word' id='word_1_78' title='bbox 513 1348 625 1438; x_wconf 85' lang='lat' dir='ltr'>pacta,</span> <span class='ocrx_word' id='word_1_79' title='bbox 639 1346 823 1416; x_wconf 82' lang='lat' dir='ltr'>conventa,</span> <span class='ocrx_word' id='word_1_80' title='bbox 834 1337 1062 1434; x_wconf 84' lang='lat' dir='ltr'>quaestiones,</span> <span class='ocrx_word' id='word_1_81' title='bbox 1074 1335 1178 1434; x_wconf 82' lang='lat' dir='ltr'>leges,¹</span> 
     </span>
     <span class='ocr_line' id='line_1_16' title="bbox 75 1433 1188 1535; baseline -0.008 -21"><span class='ocrx_word' id='word_1_82' title='bbox 75 1439 390 1519; x_wconf 82' lang='lat' dir='ltr'>senatusconsulta,</span> <span class='ocrx_word' id='word_1_83' title='bbox 408 1462 464 1516; x_wconf 89' lang='lat' dir='ltr'>res</span> <span class='ocrx_word' id='word_1_84' title='bbox 476 1438 659 1535; x_wconf 74' lang='lat' dir='ltr'>judicatae,</span> <span class='ocrx_word' id='word_1_85' title='bbox 680 1438 831 1516; x_wconf 86' lang='lat' dir='ltr'>decreta,</span> <span class='ocrx_word' id='word_1_86' title='bbox 846 1460 1025 1534; x_wconf 84' lang='lat' dir='ltr'>responsa,</span> <span class='ocrx_word' id='word_1_87' title='bbox 1043 1446 1081 1508; x_wconf 86' lang='lat' dir='ltr'>et</span> <span class='ocrx_word' id='word_1_88' title='bbox 1105 1433 1188 1530; x_wconf 65' lang='lat' dir='ltr'>reli{</span> 
     </span>
     <span class='ocr_line' id='line_1_17' title="bbox 74 1527 1180 1637; baseline -0.007 -24"><span class='ocrx_word' id='word_1_89' title='bbox 74 1564 156 1637; x_wconf 88' lang='lat' dir='ltr'>qua,</span> <span class='ocrx_word' id='word_1_90' title='bbox 170 1541 198 1612; x_wconf 88' lang='lat' dir='ltr'>si</span> <span class='ocrx_word' id='word_1_91' title='bbox 216 1559 299 1636; x_wconf 82' lang='lat' dir='ltr'>quae</span> <span class='ocrx_word' id='word_1_92' title='bbox 310 1555 415 1618; x_wconf 88' lang='lat' dir='ltr'>sunt,</span> <span class='ocrx_word' id='word_1_93' title='bbox 430 1560 516 1634; x_wconf 86' lang='lat' dir='ltr'>quae</span> <span class='ocrx_word' id='word_1_94' title='bbox 532 1561 608 1611; x_wconf 91' lang='lat' dir='ltr'>non</span> <span class='ocrx_word' id='word_1_95' title='bbox 622 1534 845 1633; x_wconf 87' lang='lat' dir='ltr'>reperiuntur</span> <span class='ocrx_word' id='word_1_96' title='bbox 861 1535 903 1606; x_wconf 89' lang='lat' dir='ltr'>ab</span> <span class='ocrx_word' id='word_1_97' title='bbox 919 1545 1069 1617; x_wconf 84' lang='lat' dir='ltr'>oratore,</span> <span class='ocrx_word' id='word_1_98' title='bbox 1089 1527 1180 1605; x_wconf 77' lang='lat' dir='ltr'>³setl</span> 
     </span>
     <span class='ocr_line' id='line_1_18' title="bbox 72 1631 1251 1732; baseline -0.011 -18"><span class='ocrx_word' id='word_1_99' title='bbox 72 1639 118 1714; x_wconf 80' lang='lat' dir='ltr'>ad</span> <span class='ocrx_word' id='word_1_100' title='bbox 135 1637 341 1717; x_wconf 59' lang='lat' dir='ltr'>oratorem&amp;</span> <span class='ocrx_word' id='word_1_101' title='bbox 358 1659 483 1710; x_wconf 79' lang='lat' dir='ltr'><strong>caussa</strong></span> <span class='ocrx_word' id='word_1_102' title='bbox 500 1644 608 1732; x_wconf 86' lang='lat' dir='ltr'>atque</span> <span class='ocrx_word' id='word_1_103' title='bbox 625 1632 727 1706; x_wconf 72' lang='lat' dir='ltr'>areis</span> <span class='ocrx_word' id='word_1_104' title='bbox 743 1631 967 1706; x_wconf 77' lang='lat' dir='ltr'>deseruntur:</span> <span class='ocrx_word' id='word_1_105' title='bbox 991 1631 1097 1706; x_wconf 85' lang='lat' dir='ltr'>altera</span> <span class='ocrx_word' id='word_1_106' title='bbox 1113 1639 1181 1712; x_wconf 61' lang='lat' dir='ltr'>esta</span> <span class='ocrx_word' id='word_1_107' title='bbox 1249 1705 1251 1710; x_wconf 73' lang='grc'>,</span> 
     </span>
    </p>
   </div>
   <div class='ocr_carea' id='block_1_5' title="bbox 73 1719 1180 1928">
    <p class='ocr_par' dir='ltr' id='par_1_5' title="bbox 73 1719 1180 1928">
     <span class='ocr_line' id='line_1_19' title="bbox 73 1719 1179 1833; baseline -0.01 -22"><span class='ocrx_word' id='word_1_108' title='bbox 73 1744 245 1833; x_wconf 86' lang='lat' dir='ltr'>quaetota</span> <span class='ocrx_word' id='word_1_109' title='bbox 261 1733 551 1831; x_wconf 79' lang='lat' dir='ltr'>indisputatione</span> <span class='ocrx_word' id='word_1_110' title='bbox 564 1747 604 1806; x_wconf 89' lang='lat' dir='ltr'>et</span> <span class='ocrx_word' id='word_1_111' title='bbox 623 1729 931 1828; x_wconf 85' lang='lat' dir='ltr'>argumentatione</span> <span class='ocrx_word' id='word_1_112' title='bbox 948 1730 1091 1804; x_wconf 87' lang='lat' dir='ltr'>oratoris</span> <span class='ocrx_word' id='word_1_113' title='bbox 1107 1719 1179 1805; x_wconf 49' lang='lat' dir='ltr'>col-⁴·</span> 
     </span>
     <span class='ocr_line' id='line_1_20' title="bbox 73 1825 1180 1928; baseline -0.006 -22"><span class='ocrx_word' id='word_1_114' title='bbox 73 1835 187 1906; x_wconf 81' lang='lat' dir='ltr'>locato</span> <span class='ocrx_word' id='word_1_115' title='bbox 202 1841 268 1906; x_wconf 88' lang='lat' dir='ltr'>est.</span> <span class='ocrx_word' id='word_1_116' title='bbox 315 1835 371 1904; x_wconf 81' lang='lat' dir='ltr'>Ita</span> <span class='ocrx_word' id='word_1_117' title='bbox 386 1832 428 1902; x_wconf 88' lang='lat' dir='ltr'>in</span> <span class='ocrx_word' id='word_1_118' title='bbox 456 1831 634 1928; x_wconf 86' lang='lat' dir='ltr'>superiore</span> <span class='ocrx_word' id='word_1_119' title='bbox 654 1852 780 1926; x_wconf 88' lang='lat' dir='ltr'>genere</span> <span class='ocrx_word' id='word_1_120' title='bbox 808 1825 853 1900; x_wconf 85' lang='lat' dir='ltr'>de</span> <span class='ocrx_word' id='word_1_121' title='bbox 870 1830 1058 1903; x_wconf 80' lang='lat' dir='ltr'>tractandis</span> <span class='ocrx_word' id='word_1_122' title='bbox 1081 1835 1180 1926; x_wconf 53' lang='lat' dir='ltr'>argul</span> 
     </span>
    </p>
   </div>
   <div class='ocr_carea' id='block_1_6' title="bbox 7 1925 1182 2026">
    <p class='ocr_par' dir='ltr' id='par_1_6' title="bbox 7 1925 1182 2026">
     <span class='ocr_line' id='line_1_21' title="bbox 7 1925 1182 2026; baseline -0.002 -24"><span class='ocrx_word' id='word_1_123' title='bbox 7 1973 9 2020; x_wconf 57' lang='grc' dir='ltr'><strong>ς</strong></span> <span class='ocrx_word' id='word_1_124' title='bbox 76 1931 220 2012; x_wconf 76' lang='lat' dir='ltr'>meritis,</span> <span class='ocrx_word' id='word_1_125' title='bbox 235 1929 274 2001; x_wconf 82' lang='lat' dir='ltr'>in</span> <span class='ocrx_word' id='word_1_126' title='bbox 299 1929 501 2002; x_wconf 88' lang='lat' dir='ltr'>hocautem</span> <span class='ocrx_word' id='word_1_127' title='bbox 518 1927 621 2001; x_wconf 86' lang='lat' dir='ltr'>etiam</span> <span class='ocrx_word' id='word_1_128' title='bbox 649 1927 694 1999; x_wconf 89' lang='lat' dir='ltr'>de</span> <span class='ocrx_word' id='word_1_129' title='bbox 710 1925 927 1999; x_wconf 86' lang='lat' dir='ltr'>inveniendis</span> <span class='ocrx_word' id='word_1_130' title='bbox 943 1927 1182 2026; x_wconf 81' lang='lat' dir='ltr'>cogitandum</span> 
     </span>
    </p>
   </div>
   <div class='ocr_carea' id='block_1_7' title="bbox 74 2023 1244 2136">
    <p class='ocr_par' dir='ltr' id='par_1_7' title="bbox 74 2023 1244 2136">
     <span class='ocr_line' id='line_1_22' title="bbox 74 2023 1244 2136; baseline -0.008 -33"><span class='ocrx_word' id='word_1_131' title='bbox 74 2037 143 2104; x_wconf 85' lang='lat' dir='ltr'>est.</span> <span class='ocrx_word' id='word_1_132' title='bbox 195 2027 314 2123; x_wconf 80' lang='lat' dir='ltr'>Atque</span> <span class='ocrx_word' id='word_1_133' title='bbox 332 2025 387 2097; x_wconf 90' lang='lat' dir='ltr'>isti</span> <span class='ocrx_word' id='word_1_134' title='bbox 404 2026 557 2122; x_wconf 89' lang='lat' dir='ltr'>quidem,</span> <span class='ocrx_word' id='word_1_135' title='bbox 575 2025 634 2122; x_wconf 92' lang='lat' dir='ltr'>qui</span> <span class='ocrx_word' id='word_1_136' title='bbox 648 2025 791 2107; x_wconf 80' lang='lat' dir='ltr'>docent,</span> <span class='ocrx_word' id='word_1_137' title='bbox 807 2027 888 2098; x_wconf 77' lang='lat' dir='ltr'>clun</span> <span class='ocrx_word' id='word_1_138' title='bbox 899 2050 1036 2100; x_wconf 81' lang='lat' dir='ltr'>caussas</span> <span class='ocrx_word' id='word_1_139' title='bbox 1052 2025 1089 2098; x_wconf 90' lang='lat' dir='ltr'>in</span> <span class='ocrx_word' id='word_1_140' title='bbox 1103 2025 1179 2136; x_wconf 85' lang='lat' dir='ltr'>plu·</span> <span class='ocrx_word' id='word_1_141' title='bbox 1241 2023 1244 2034; x_wconf 79' lang='lat'><em>&#39;</em></span> 
     </span>
    </p>
   </div>
   <div class='ocr_carea' id='block_1_8' title="bbox 7 2124 1179 2234">
    <p class='ocr_par' dir='ltr' id='par_1_8' title="bbox 7 2124 1179 2234">
     <span class='ocr_line' id='line_1_23' title="bbox 7 2124 1179 2234; baseline -0.002 -34"><span class='ocrx_word' id='word_1_142' title='bbox 7 2181 9 2234; x_wconf 53' lang='lat' dir='ltr'>p</span> <span class='ocrx_word' id='word_1_143' title='bbox 74 2150 264 2224; x_wconf 79' lang='lat' dir='ltr'>ragonem</span> <span class='ocrx_word' id='word_1_144' title='bbox 287 2131 489 2204; x_wconf 86' lang='lat' dir='ltr'>secuerunt,</span> <span class='ocrx_word' id='word_1_145' title='bbox 517 2125 663 2221; x_wconf 86' lang='lat' dir='ltr'>singulis</span> <span class='ocrx_word' id='word_1_146' title='bbox 681 2124 866 2220; x_wconf 86' lang='lat' dir='ltr'>generibus</span> <span class='ocrx_word' id='word_1_147' title='bbox 892 2134 1179 2221; x_wconf 87' lang='lat' dir='ltr'>argumentorum</span> 
     </span>
    </p>
   </div>
   <div class='ocr_carea' id='block_1_9' title="bbox 72 2221 1191 2618">
    <p class='ocr_par' dir='ltr' id='par_1_9' title="bbox 72 2221 1191 2618">
     <span class='ocr_line' id='line_1_24' title="bbox 73 2221 1191 2322; baseline -0.004 -23"><span class='ocrx_word' id='word_1_148' title='bbox 73 2227 212 2322; x_wconf 85' lang='lat' dir='ltr'>copiam</span> <span class='ocrx_word' id='word_1_149' title='bbox 228 2232 442 2320; x_wconf 82' lang='lat' dir='ltr'>suggerunt:</span> <span class='ocrx_word' id='word_1_150' title='bbox 468 2221 565 2320; x_wconf 91' lang='lat' dir='ltr'>quod</span> <span class='ocrx_word' id='word_1_151' title='bbox 582 2221 714 2296; x_wconf 88' lang='lat' dir='ltr'>etiamsi</span> <span class='ocrx_word' id='word_1_152' title='bbox 732 2222 776 2292; x_wconf 87' lang='lat' dir='ltr'>ad</span> <span class='ocrx_word' id='word_1_153' title='bbox 788 2222 1025 2296; x_wconf 84' lang='lat' dir='ltr'>instituendos</span> <span class='ocrx_word' id='word_1_154' title='bbox 1041 2223 1191 2312; x_wconf 50' lang='lat' dir='ltr'>adoleas</span> 
     </span>
     <span class='ocr_line' id='line_1_25' title="bbox 73 2319 1178 2418; baseline -0.005 -20"><span class='ocrx_word' id='word_1_155' title='bbox 73 2323 241 2412; x_wconf 84' lang='lat' dir='ltr'>centulos</span> <span class='ocrx_word' id='word_1_156' title='bbox 267 2321 376 2418; x_wconf 82' lang='lat' dir='ltr'>magis</span> <span class='ocrx_word' id='word_1_157' title='bbox 393 2330 514 2418; x_wconf 88' lang='lat' dir='ltr'>aptum</span> <span class='ocrx_word' id='word_1_158' title='bbox 531 2331 596 2402; x_wconf 88' lang='lat' dir='ltr'>est,</span> <span class='ocrx_word' id='word_1_159' title='bbox 614 2329 667 2402; x_wconf 91' lang='lat' dir='ltr'>ut,</span> <span class='ocrx_word' id='word_1_160' title='bbox 684 2319 786 2393; x_wconf 91' lang='lat' dir='ltr'>simul</span> <span class='ocrx_word' id='word_1_161' title='bbox 801 2345 841 2392; x_wconf 88' lang='lat' dir='ltr'>ac</span> <span class='ocrx_word' id='word_1_162' title='bbox 853 2319 963 2418; x_wconf 83' lang='lat' dir='ltr'>posita</span> <span class='ocrx_word' id='word_1_163' title='bbox 987 2319 1032 2392; x_wconf 89' lang='lat' dir='ltr'>sit</span> <span class='ocrx_word' id='word_1_164' title='bbox 1047 2329 1178 2404; x_wconf 84' lang='lat' dir='ltr'>caussa,</span> 
     </span>
     <span class='ocr_line' id='line_1_26' title="bbox 73 2417 1178 2520; baseline -0.003 -24"><span class='ocrx_word' id='word_1_165' title='bbox 73 2422 238 2502; x_wconf 82' lang='lat' dir='ltr'>habeant,</span> <span class='ocrx_word' id='word_1_166' title='bbox 255 2417 329 2516; x_wconf 81' lang='lat' dir='ltr'>qud</span> <span class='ocrx_word' id='word_1_167' title='bbox 352 2445 390 2492; x_wconf 89' lang='lat' dir='ltr'>se</span> <span class='ocrx_word' id='word_1_168' title='bbox 412 2419 574 2501; x_wconf 84' lang='lat' dir='ltr'>referant,</span> <span class='ocrx_word' id='word_1_169' title='bbox 593 2417 688 2493; x_wconf 76' lang='lat' dir='ltr'>und&#39;e</span> <span class='ocrx_word' id='word_1_170' title='bbox 712 2419 829 2492; x_wconf 88' lang='lat' dir='ltr'>statim</span> <span class='ocrx_word' id='word_1_171' title='bbox 851 2419 1011 2518; x_wconf 86' lang='lat' dir='ltr'>expedita</span> <span class='ocrx_word' id='word_1_172' title='bbox 1039 2418 1178 2520; x_wconf 79' lang='lat' dir='ltr'>possint</span> 
     </span>
     <span class='ocr_line' id='line_1_27' title="bbox 72 2517 1181 2618; baseline -0.001 -24"><span class='ocrx_word' id='word_1_173' title='bbox 72 2525 278 2617; x_wconf 79' lang='lat' dir='ltr'>argrrmenta</span> <span class='ocrx_word' id='word_1_174' title='bbox 289 2518 514 2616; x_wconf 85' lang='lat' dir='ltr'>depromere:</span> <span class='ocrx_word' id='word_1_175' title='bbox 539 2526 657 2592; x_wconf 85' lang='lat' dir='ltr'>tamen</span> <span class='ocrx_word' id='word_1_176' title='bbox 670 2527 706 2590; x_wconf 89' lang='lat' dir='ltr'>et</span> <span class='ocrx_word' id='word_1_177' title='bbox 719 2517 810 2592; x_wconf 88' lang='lat' dir='ltr'>tardi</span> <span class='ocrx_word' id='word_1_178' title='bbox 820 2517 953 2618; x_wconf 87' lang='lat' dir='ltr'>ingenii</span> <span class='ocrx_word' id='word_1_179' title='bbox 964 2529 1030 2604; x_wconf 90' lang='lat' dir='ltr'>est,</span> <span class='ocrx_word' id='word_1_180' title='bbox 1047 2519 1181 2593; x_wconf 86' lang='lat' dir='ltr'>rivulos&#39;</span> 
     </span>
    </p>
   </div>
   <div class='ocr_carea' id='block_1_10' title="bbox 7 2613 1179 2912">
    <p class='ocr_par' dir='ltr' id='par_1_10' title="bbox 7 2613 1179 2912">
     <span class='ocr_line' id='line_1_28' title="bbox 7 2613 1179 2716; baseline 0.002 -28"><span class='ocrx_word' id='word_1_181' title='bbox 7 2683 22 2716; x_wconf 28' lang='grc' dir='ltr'>,Ι</span> <span class='ocrx_word' id='word_1_182' title='bbox 71 2617 287 2698; x_wconf 80' lang='lat' dir='ltr'>consectari,</span> <span class='ocrx_word' id='word_1_183' title='bbox 302 2614 420 2694; x_wconf 87' lang='lat' dir='ltr'>fontes</span> <span class='ocrx_word' id='word_1_184' title='bbox 436 2640 554 2689; x_wconf 89' lang='lat' dir='ltr'>rerum</span> <span class='ocrx_word' id='word_1_185' title='bbox 577 2641 651 2691; x_wconf 90' lang='lat' dir='ltr'>non</span> <span class='ocrx_word' id='word_1_186' title='bbox 672 2613 812 2701; x_wconf 84' lang='lat' dir='ltr'>videre3</span> <span class='ocrx_word' id='word_1_187' title='bbox 836 2617 956 2715; x_wconf 84' lang='lat' dir='ltr'>etjam</span> <span class='ocrx_word' id='word_1_188' title='bbox 982 2619 1100 2692; x_wconf 85' lang='lat' dir='ltr'>aetatis</span> <span class='ocrx_word' id='word_1_189' title='bbox 1123 2627 1179 2692; x_wconf 86' lang='lat' dir='ltr'>est</span> 
     </span>
     <span class='ocr_line' id='line_1_29' title="bbox 7 2713 1177 2813; baseline -0.004 -23"><span class='ocrx_word' id='word_1_190' title='bbox 7 2713 9 2790; x_wconf 84' lang='grc' dir='ltr'><em>ἷ</em></span> <span class='ocrx_word' id='word_1_191' title='bbox 72 2739 232 2813; x_wconf 89' lang='lat' dir='ltr'>ususque</span> <span class='ocrx_word' id='word_1_192' title='bbox 256 2715 382 2794; x_wconf 84' lang='lat' dir='ltr'>nostri,</span> <span class='ocrx_word' id='word_1_193' title='bbox 410 2714 431 2783; x_wconf 74' lang='lat' dir='ltr'>a</span> <span class='ocrx_word' id='word_1_194' title='bbox 456 2713 580 2810; x_wconf 87' lang='lat' dir='ltr'>capite,</span> <span class='ocrx_word' id='word_1_195' title='bbox 607 2714 704 2812; x_wconf 91' lang='lat' dir='ltr'>quod</span> <span class='ocrx_word' id='word_1_196' title='bbox 731 2715 889 2812; x_wconf 79' lang='lat' dir='ltr'>velimus,</span> <span class='ocrx_word' id='word_1_197' title='bbox 916 2741 1099 2794; x_wconf 86' lang='lat' dir='ltr'>arcessere,</span> <span class='ocrx_word' id='word_1_198' title='bbox 1127 2727 1177 2795; x_wconf 89' lang='lat' dir='ltr'>et,</span> 
     </span>
     <span class='ocr_line' id='line_1_30' title="bbox 7 2811 1176 2912; baseline -0.002 -24"><span class='ocrx_word' id='word_1_199' title='bbox 7 2891 8 2908; x_wconf 27' lang='lat'><em>2</em></span> <span class='ocrx_word' id='word_1_200' title='bbox 73 2814 174 2888; x_wconf 87' lang='lat' dir='ltr'>unde</span> <span class='ocrx_word' id='word_1_201' title='bbox 192 2811 311 2888; x_wconf 86' lang='lat' dir='ltr'>omnia</span> <span class='ocrx_word' id='word_1_202' title='bbox 339 2821 497 2894; x_wconf 86' lang='lat' dir='ltr'>manant,</span> <span class='ocrx_word' id='word_1_203' title='bbox 515 2811 640 2887; x_wconf 88' lang='lat' dir='ltr'>videre.</span> <span class='ocrx_word' id='word_1_204' title='bbox 689 2813 738 2886; x_wconf 87' lang='lat' dir='ltr'>Et</span> <span class='ocrx_word' id='word_1_205' title='bbox 765 2813 930 2912; x_wconf 87' lang='lat' dir='ltr'>primum</span> <span class='ocrx_word' id='word_1_206' title='bbox 948 2835 1061 2912; x_wconf 85' lang='lat' dir='ltr'>genus</span> <span class='ocrx_word' id='word_1_207' title='bbox 1090 2811 1176 2886; x_wconf 92' lang='lat' dir='ltr'>illud</span> 
     </span>
    </p>
   </div>
   <div class='ocr_carea' id='block_1_11' title="bbox 67 3005 1212 4605">
    <p class='ocr_par' dir='ltr' id='par_1_11' title="bbox 67 3005 1212 4605">
     <span class='ocr_line' id='line_1_31' title="bbox 112 3005 1180 3090; baseline 0.007 -27"><span class='ocrx_word' id='word_1_208' title='bbox 112 3011 177 3068; x_wconf 77' lang='lat' dir='ltr'>2‘in</span> <span class='ocrx_word' id='word_1_209' title='bbox 188 3031 225 3069; x_wconf 83' lang='lat' dir='ltr'>re</span> <span class='ocrx_word' id='word_1_210' title='bbox 237 3007 340 3086; x_wconf 83' lang='lat' dir='ltr'>positae</span> <span class='ocrx_word' id='word_1_211' title='bbox 354 3013 470 3066; x_wconf 78' lang='lat' dir='ltr'>ratione</span> <span class='ocrx_word' id='word_1_212' title='bbox 483 3023 654 3068; x_wconf 76' lang='lat' dir='ltr'>tractantur</span> <span class='ocrx_word' id='word_1_213' title='bbox 666 3005 696 3090; x_wconf 80' lang='lat'>3]</span> <span class='ocrx_word' id='word_1_214' title='bbox 716 3013 776 3070; x_wconf 81' lang='lat' dir='ltr'>Per</span> <span class='ocrx_word' id='word_1_215' title='bbox 789 3017 897 3072; x_wconf 85' lang='lat' dir='ltr'>vocem</span> <span class='ocrx_word' id='word_1_216' title='bbox 906 3015 1008 3084; x_wconf 71' lang='lat' dir='ltr'>posita</span> <span class='ocrx_word' id='word_1_217' title='bbox 1028 3009 1180 3089; x_wconf 56' lang='lat' dir='ltr'>intelligas*</span> 
     </span>
     <span class='ocr_line' id='line_1_32' title="bbox 72 3089 1178 3170; baseline 0.003 -19"><span class='ocrx_word' id='word_1_218' title='bbox 72 3095 214 3162; x_wconf 66' lang='lat' dir='ltr'>annonae,</span> <span class='ocrx_word' id='word_1_219' title='bbox 224 3091 285 3148; x_wconf 84' lang='lat' dir='ltr'>sive</span> <span class='ocrx_word' id='word_1_220' title='bbox 305 3091 453 3159; x_wconf 77' lang='lat' dir='ltr'>adductae,</span> <span class='ocrx_word' id='word_1_221' title='bbox 468 3102 502 3148; x_wconf 89' lang='lat' dir='ltr'>ut</span> <span class='ocrx_word' id='word_1_222' title='bbox 511 3093 567 3149; x_wconf 85' lang='lat' dir='ltr'>hoc</span> <span class='ocrx_word' id='word_1_223' title='bbox 581 3089 760 3160; x_wconf 84' lang='lat' dir='ltr'>contrarium</span> <span class='ocrx_word' id='word_1_224' title='bbox 780 3093 870 3162; x_wconf 78' lang='lat' dir='ltr'>sirei,</span> <span class='ocrx_word' id='word_1_225' title='bbox 884 3094 962 3170; x_wconf 92' lang='lat' dir='ltr'>quod</span> <span class='ocrx_word' id='word_1_226' title='bbox 976 3095 1088 3152; x_wconf 81' lang='lat' dir='ltr'>Noster</span> <span class='ocrx_word' id='word_1_227' title='bbox 1103 3093 1178 3154; x_wconf 76' lang='lat' dir='ltr'>dicit</span> 
     </span>
     <span class='ocr_line' id='line_1_33' title="bbox 72 3169 1180 3239; baseline 0.004 -9"><span class='ocrx_word' id='word_1_228' title='bbox 72 3169 104 3230; x_wconf 88' lang='lat' dir='ltr'>in</span> <span class='ocrx_word' id='word_1_229' title='bbox 118 3190 144 3227; x_wconf 83' lang='lat' dir='ltr'>c.</span> <span class='ocrx_word' id='word_1_230' title='bbox 160 3177 206 3227; x_wconf 66' lang='lat'>39,</span> <span class='ocrx_word' id='word_1_231' title='bbox 220 3173 480 3227; x_wconf 65' lang='lat' dir='ltr'>interemerunt</span> <span class='ocrx_word' id='word_1_232' title='bbox 490 3170 606 3230; x_wconf 68' lang='grc' dir='ltr'>ποιητά.</span> <span class='ocrx_word' id='word_1_233' title='bbox 639 3171 699 3229; x_wconf 87' lang='lat' dir='ltr'>Sed</span> <span class='ocrx_word' id='word_1_234' title='bbox 713 3189 826 3239; x_wconf 89' lang='lat' dir='ltr'>vereor,</span> <span class='ocrx_word' id='word_1_235' title='bbox 837 3187 868 3230; x_wconf 86' lang='lat' dir='ltr'>ur</span> <span class='ocrx_word' id='word_1_236' title='bbox 883 3172 921 3230; x_wconf 89' lang='lat' dir='ltr'>sit</span> <span class='ocrx_word' id='word_1_237' title='bbox 932 3189 999 3230; x_wconf 82' lang='lat' dir='ltr'>sana</span> <span class='ocrx_word' id='word_1_238' title='bbox 1008 3173 1180 3234; x_wconf 79' lang='lat' dir='ltr'>haec&#39;lectiu</span> 
     </span>
     <span class='ocr_line' id='line_1_34' title="bbox 72 3246 1176 3325; baseline 0.004 -17"><span class='ocrx_word' id='word_1_239' title='bbox 72 3253 211 3325; x_wconf 70' lang='lat' dir='ltr'>vulgatas</span> <span class='ocrx_word' id='word_1_240' title='bbox 230 3249 257 3307; x_wconf 88' lang='lat' dir='ltr'>is</span> <span class='ocrx_word' id='word_1_241' title='bbox 268 3247 349 3306; x_wconf 87' lang='lat' dir='ltr'>enim</span> <span class='ocrx_word' id='word_1_242' title='bbox 363 3267 466 3308; x_wconf 85' lang='lat' dir='ltr'>sensus</span> <span class='ocrx_word' id='word_1_243' title='bbox 485 3246 565 3308; x_wconf 87' lang='lat' dir='ltr'>vocis</span> <span class='ocrx_word' id='word_1_244' title='bbox 574 3255 674 3320; x_wconf 70' lang='lat' dir='ltr'>norim</span> <span class='ocrx_word' id='word_1_245' title='bbox 688 3249 739 3310; x_wconf 85' lang='lat' dir='ltr'>vix</span> <span class='ocrx_word' id='word_1_246' title='bbox 749 3251 864 3308; x_wconf 85' lang='lat' dir='ltr'>videtur</span> <span class='ocrx_word' id='word_1_247' title='bbox 875 3267 942 3308; x_wconf 81' lang='lat' dir='ltr'>esse</span> <span class='ocrx_word' id='word_1_248' title='bbox 956 3250 1176 3316; x_wconf 81' lang='lat' dir='ltr'>Ciceronianus.</span> 
     </span>
     <span class='ocr_line' id='line_1_35' title="bbox 73 3326 1175 3407; baseline 0.005 -19"><span class='ocrx_word' id='word_1_249' title='bbox 73 3329 146 3388; x_wconf 85' lang='lat' dir='ltr'>MS.</span> <span class='ocrx_word' id='word_1_250' title='bbox 162 3329 245 3404; x_wconf 76' lang='lat' dir='ltr'>Mag·</span> <span class='ocrx_word' id='word_1_251' title='bbox 259 3326 365 3392; x_wconf 74' lang='lat' dir='ltr'>eredit.</span> <span class='ocrx_word' id='word_1_252' title='bbox 382 3333 450 3388; x_wconf 85' lang='lat' dir='ltr'>Asc.</span> <span class='ocrx_word' id='word_1_253' title='bbox 466 3331 502 3388; x_wconf 87' lang='lat' dir='ltr'>R.</span> <span class='ocrx_word' id='word_1_254' title='bbox 515 3329 616 3405; x_wconf 85' lang='lat' dir='ltr'>Steph.</span> <span class='ocrx_word' id='word_1_255' title='bbox 631 3329 766 3407; x_wconf 85' lang='lat' dir='ltr'>itemque</span> <span class='ocrx_word' id='word_1_256' title='bbox 782 3329 875 3388; x_wconf 82' lang='lat' dir='ltr'>Streb.</span> <span class='ocrx_word' id='word_1_257' title='bbox 900 3331 1006 3392; x_wconf 88' lang='lat' dir='ltr'>habent</span> <span class='ocrx_word' id='word_1_258' title='bbox 1017 3335 1048 3389; x_wconf 84' lang='lat' dir='ltr'>in</span> <span class='ocrx_word' id='word_1_259' title='bbox 1063 3353 1097 3392; x_wconf 87' lang='lat' dir='ltr'>re</span> <span class='ocrx_word' id='word_1_260' title='bbox 1106 3346 1175 3406; x_wconf 74' lang='lat' dir='ltr'>pro·</span> 
     </span>
     <span class='ocr_line' id='line_1_36' title="bbox 67 3404 1176 3489; baseline 0.005 -23"><span class='ocrx_word' id='word_1_261' title='bbox 67 3411 179 3481; x_wconf 73' lang='lat' dir='ltr'>posito,</span> <span class='ocrx_word' id='word_1_262' title='bbox 186 3408 259 3467; x_wconf 85' lang='lat' dir='ltr'>MS.</span> <span class='ocrx_word' id='word_1_263' title='bbox 272 3404 344 3465; x_wconf 75' lang='lat' dir='ltr'>vead</span> <span class='ocrx_word' id='word_1_264' title='bbox 355 3408 479 3468; x_wconf 60' lang='lat' dir='ltr'>Nortia</span> <span class='ocrx_word' id='word_1_265' title='bbox 492 3430 525 3466; x_wconf 84' lang='lat' dir='ltr'>re</span> <span class='ocrx_word' id='word_1_266' title='bbox 533 3409 639 3478; x_wconf 73' lang='lat' dir='ltr'>posita,</span> <span class='ocrx_word' id='word_1_267' title='bbox 654 3409 778 3487; x_wconf 66' lang='lat' dir='ltr'>utrique</span> <span class='ocrx_word' id='word_1_268' title='bbox 793 3409 909 3470; x_wconf 84' lang='lat' dir='ltr'>dicendi</span> <span class='ocrx_word' id='word_1_269' title='bbox 920 3409 1049 3470; x_wconf 73' lang='lat' dir='ltr'>tormuu</span> <span class='ocrx_word' id='word_1_270' title='bbox 1063 3413 1176 3489; x_wconf 87' lang='lat' dir='ltr'>signifi·</span> 
     </span>
     <span class='ocr_line' id='line_1_37' title="bbox 72 3488 1177 3565; baseline 0 -19"><span class='ocrx_word' id='word_1_271' title='bbox 72 3501 157 3547; x_wconf 87' lang='lat' dir='ltr'>catur</span> <span class='ocrx_word' id='word_1_272' title='bbox 166 3505 283 3555; x_wconf 78' lang='lat' dir='ltr'>caussa,</span> <span class='ocrx_word' id='word_1_273' title='bbox 313 3490 460 3563; x_wconf 87' lang='lat' dir='ltr'>quomodo</span> <span class='ocrx_word' id='word_1_274' title='bbox 472 3491 585 3550; x_wconf 86' lang='lat' dir='ltr'>Noster</span> <span class='ocrx_word' id='word_1_275' title='bbox 606 3493 725 3550; x_wconf 83' lang='lat' dir='ltr'>locutus</span> <span class='ocrx_word' id='word_1_276' title='bbox 739 3488 812 3548; x_wconf 81' lang='lat' dir='ltr'>ceti.</span> <span class='ocrx_word' id='word_1_277' title='bbox 828 3497 851 3547; x_wconf 48' lang='lat'>6,</span> <span class='ocrx_word' id='word_1_278' title='bbox 870 3493 944 3550; x_wconf 74' lang='lat' dir='ltr'>onai</span> <span class='ocrx_word' id='word_1_279' title='bbox 963 3496 999 3551; x_wconf 74' lang='lat' dir='ltr'>de</span> <span class='ocrx_word' id='word_1_280' title='bbox 1012 3510 1177 3565; x_wconf 80' lang='lat' dir='ltr'>reqaaecun.</span> 
     </span>
     <span class='ocr_line' id='line_1_38' title="bbox 74 3567 1176 3647; baseline 0.007 -22"><span class='ocrx_word' id='word_1_281' title='bbox 74 3589 128 3643; x_wconf 70' lang='lat' dir='ltr'>que</span> <span class='ocrx_word' id='word_1_282' title='bbox 140 3571 282 3639; x_wconf 70' lang='lat' dir='ltr'>siapoaito</span> <span class='ocrx_word' id='word_1_283' title='bbox 294 3581 352 3624; x_wconf 82' lang='lat' dir='ltr'>erc.</span> <span class='ocrx_word' id='word_1_284' title='bbox 365 3581 398 3628; x_wconf 88' lang='lat' dir='ltr'>et</span> <span class='ocrx_word' id='word_1_285' title='bbox 411 3568 487 3628; x_wconf 89' lang='lat' dir='ltr'>alibi.</span> <span class='ocrx_word' id='word_1_286' title='bbox 499 3569 544 3627; x_wconf 86' lang='lat' dir='ltr'>Ea</span> <span class='ocrx_word' id='word_1_287' title='bbox 552 3582 739 3646; x_wconf 83' lang='lat' dir='ltr'>argumenta,</span> <span class='ocrx_word' id='word_1_288' title='bbox 754 3587 822 3647; x_wconf 85' lang='lat' dir='ltr'>quac</span> <span class='ocrx_word' id='word_1_289' title='bbox 840 3567 938 3646; x_wconf 68' lang='grc' dir='ltr'><strong><em>ἔτιχνα</em></strong></span> <span class='ocrx_word' id='word_1_290' title='bbox 951 3572 1098 3642; x_wconf 78' lang='lat' dir='ltr'>dicuntur,</span> <span class='ocrx_word' id='word_1_291' title='bbox 1113 3591 1176 3633; x_wconf 85' lang='lat' dir='ltr'>ora·</span> 
     </span>
     <span class='ocr_line' id='line_1_39' title="bbox 73 3645 1177 3730; baseline 0.011 -25"><span class='ocrx_word' id='word_1_292' title='bbox 73 3659 121 3705; x_wconf 86' lang='lat' dir='ltr'>tor</span> <span class='ocrx_word' id='word_1_293' title='bbox 134 3646 259 3707; x_wconf 83' lang='lat' dir='ltr'>assumit</span> <span class='ocrx_word' id='word_1_294' title='bbox 272 3645 354 3718; x_wconf 85' lang='lat' dir='ltr'>foris,</span> <span class='ocrx_word' id='word_1_295' title='bbox 364 3660 404 3721; x_wconf 89' lang='lat' dir='ltr'>et,</span> <span class='ocrx_word' id='word_1_296' title='bbox 410 3647 485 3708; x_wconf 77' lang='lat' dir='ltr'>cum</span> <span class='ocrx_word' id='word_1_297' title='bbox 500 3665 636 3708; x_wconf 84' lang='lat' dir='ltr'>caussam</span> <span class='ocrx_word' id='word_1_298' title='bbox 647 3647 718 3726; x_wconf 84' lang='lat' dir='ltr'>agit,</span> <span class='ocrx_word' id='word_1_299' title='bbox 730 3651 870 3718; x_wconf 77' lang='lat' dir='ltr'>methodo</span> <span class='ocrx_word' id='word_1_300' title='bbox 884 3649 1010 3730; x_wconf 77' lang='lat' dir='ltr'>quadam</span> <span class='ocrx_word' id='word_1_301' title='bbox 1021 3665 1052 3712; x_wconf 88' lang='lat' dir='ltr'>et</span> <span class='ocrx_word' id='word_1_302' title='bbox 1065 3660 1177 3716; x_wconf 81' lang='lat' dir='ltr'>ratione</span> 
     </span>
     <span class='ocr_line' id='line_1_40' title="bbox 74 3737 957 3786; baseline 0.006 0"><span class='ocrx_word' id='word_1_303' title='bbox 74 3737 189 3786; x_wconf 74' lang='lat' dir='ltr'>macras</span> <span class='ocrx_word' id='word_1_304' title='bbox 419 3757 422 3762; x_wconf 70' lang='grc'>’</span> <span class='ocrx_word' id='word_1_305' title='bbox 469 3769 471 3771; x_wconf 96' lang='grc'>-</span> <span class='ocrx_word' id='word_1_306' title='bbox 554 3757 555 3764; x_wconf 55' lang='grc'><strong>“</strong></span> <span class='ocrx_word' id='word_1_307' title='bbox 698 3739 705 3749; x_wconf 72' lang='grc'><strong>“</strong></span> <span class='ocrx_word' id='word_1_308' title='bbox 955 3745 957 3752; x_wconf 83' lang='grc'><em>’</em></span> 
     </span>
     <span class='ocr_line' id='line_1_41' title="bbox 116 3806 1176 3896; baseline 0.018 -35"><span class='ocrx_word' id='word_1_309' title='bbox 116 3809 192 3862; x_wconf 68' lang='lat' dir='ltr'>saed</span> <span class='ocrx_word' id='word_1_310' title='bbox 212 3809 251 3863; x_wconf 80' lang='lat' dir='ltr'>act</span> <span class='ocrx_word' id='word_1_311' title='bbox 271 3806 440 3866; x_wconf 67' lang='lat' dir='ltr'>oratoremte</span> <span class='ocrx_word' id='word_1_312' title='bbox 453 3825 556 3866; x_wconf 88' lang='lat' dir='ltr'>caussa</span> <span class='ocrx_word' id='word_1_313' title='bbox 573 3820 663 3880; x_wconf 79' lang='lat' dir='ltr'>atque</span> <span class='ocrx_word' id='word_1_314' title='bbox 675 3807 693 3864; x_wconf 79' lang='grc' dir='ltr'><em>ἃ</em></span> <span class='ocrx_word' id='word_1_315' title='bbox 706 3813 765 3866; x_wconf 77' lang='lat' dir='ltr'>reis</span> <span class='ocrx_word' id='word_1_316' title='bbox 778 3813 948 3882; x_wconf 66' lang='lat' dir='ltr'>afferantur</span> <span class='ocrx_word' id='word_1_317' title='bbox 962 3807 990 3892; x_wconf 90' lang='grc'>.·]</span> <span class='ocrx_word' id='word_1_318' title='bbox 1011 3813 1042 3872; x_wconf 83' lang='lat' dir='ltr'>Is</span> <span class='ocrx_word' id='word_1_319' title='bbox 1062 3833 1176 3896; x_wconf 83' lang='lat' dir='ltr'>peccat,</span> 
     </span>
     <span class='ocr_line' id='line_1_42' title="bbox 72 3880 1174 3972; baseline 0.011 -30"><span class='ocrx_word' id='word_1_320' title='bbox 72 3883 130 3962; x_wconf 81' lang='lat' dir='ltr'>qui</span> <span class='ocrx_word' id='word_1_321' title='bbox 141 3880 211 3944; x_wconf 82' lang='lat' dir='ltr'>dicit</span> <span class='ocrx_word' id='word_1_322' title='bbox 220 3900 397 3962; x_wconf 82' lang='lat' dir='ltr'>argumenta</span> <span class='ocrx_word' id='word_1_323' title='bbox 410 3885 603 3946; x_wconf 86' lang='lat' dir='ltr'>inartificialia</span> <span class='ocrx_word' id='word_1_324' title='bbox 612 3887 681 3945; x_wconf 87' lang='lat' dir='ltr'>duci</span> <span class='ocrx_word' id='word_1_325' title='bbox 695 3887 829 3957; x_wconf 61' lang='lat' dir='ltr'>umora,</span> <span class='ocrx_word' id='word_1_326' title='bbox 840 3889 908 3948; x_wconf 78' lang='lat' dir='ltr'>ciam</span> <span class='ocrx_word' id='word_1_327' title='bbox 921 3907 956 3950; x_wconf 80' lang='lat' dir='ltr'>eu</span> <span class='ocrx_word' id='word_1_328' title='bbox 971 3897 1174 3972; x_wconf 84' lang='lat' dir='ltr'>passimapud</span> 
     </span>
     <span class='ocr_line' id='line_1_43' title="bbox 73 3963 1176 4043; baseline 0.007 -19"><span class='ocrx_word' id='word_1_329' title='bbox 73 3963 256 4024; x_wconf 80' lang='lat' dir='ltr'>Ciceronem</span> <span class='ocrx_word' id='word_1_330' title='bbox 270 3963 403 4027; x_wconf 86' lang='lat' dir='ltr'>dicantur</span> <span class='ocrx_word' id='word_1_331' title='bbox 415 3985 472 4028; x_wconf 92' lang='lat' dir='ltr'>non</span> <span class='ocrx_word' id='word_1_332' title='bbox 488 3986 527 4024; x_wconf 77' lang='lat' dir='ltr'>ex</span> <span class='ocrx_word' id='word_1_333' title='bbox 538 3989 579 4038; x_wconf 81' lang='lat' dir='ltr'>re,</span> <span class='ocrx_word' id='word_1_334' title='bbox 593 3979 624 4027; x_wconf 91' lang='lat' dir='ltr'>et</span> <span class='ocrx_word' id='word_1_335' title='bbox 640 3985 739 4024; x_wconf 78' lang='lat' dir='ltr'>caussa</span> <span class='ocrx_word' id='word_1_336' title='bbox 753 3990 766 4034; x_wconf 91' lang='lat'>,·</span> <span class='ocrx_word' id='word_1_337' title='bbox 785 3971 927 4043; x_wconf 78' lang='lat' dir='ltr'>sedsora&#39;a,</span> <span class='ocrx_word' id='word_1_338' title='bbox 950 3987 981 4032; x_wconf 83' lang='lat' dir='ltr'>et</span> <span class='ocrx_word' id='word_1_339' title='bbox 995 3991 1082 4036; x_wconf 74' lang='lat' dir='ltr'>extra</span> <span class='ocrx_word' id='word_1_340' title='bbox 1096 3995 1176 4032; x_wconf 80' lang='lat' dir='ltr'>cone·</span> 
     </span>
     <span class='ocr_line' id='line_1_44' title="bbox 71 4043 1175 4128; baseline 0.005 -26"><span class='ocrx_word' id='word_1_341' title='bbox 71 4065 134 4102; x_wconf 75' lang='lat' dir='ltr'>com</span> <span class='ocrx_word' id='word_1_342' title='bbox 148 4043 257 4120; x_wconf 84' lang='lat' dir='ltr'>colligi.</span> <span class='ocrx_word' id='word_1_343' title='bbox 298 4043 348 4104; x_wconf 92' lang='lat' dir='ltr'>Sic</span> <span class='ocrx_word' id='word_1_344' title='bbox 360 4047 463 4120; x_wconf 88' lang='lat' dir='ltr'>etiam</span> <span class='ocrx_word' id='word_1_345' title='bbox 478 4045 621 4120; x_wconf 88' lang='lat' dir='ltr'>Quinctil.</span> <span class='ocrx_word' id='word_1_346' title='bbox 633 4067 660 4106; x_wconf 88' lang='lat' dir='ltr'>v.</span> <span class='ocrx_word' id='word_1_347' title='bbox 674 4045 693 4103; x_wconf 91' lang='lat' dir='ltr'>i.</span> <span class='ocrx_word' id='word_1_348' title='bbox 707 4045 795 4105; x_wconf 85' lang='lat' dir='ltr'>dicit:</span> <span class='ocrx_word' id='word_1_349' title='bbox 815 4053 888 4108; x_wconf 76' lang='lat' dir='ltr'>aliae</span> <span class='ocrx_word' id='word_1_350' title='bbox 903 4074 963 4112; x_wconf 73' lang='lat' dir='ltr'>esee</span> <span class='ocrx_word' id='word_1_351' title='bbox 983 4060 1175 4128; x_wconf 68' lang='lat' dir='ltr'>probationes,</span> 
     </span>
     <span class='ocr_line' id='line_1_45' title="bbox 71 4127 1175 4206; baseline 0.012 -25"><span class='ocrx_word' id='word_1_352' title='bbox 71 4141 144 4199; x_wconf 79' lang='lat' dir='ltr'>quaa</span> <span class='ocrx_word' id='word_1_353' title='bbox 154 4135 240 4184; x_wconf 76' lang='lat' dir='ltr'>extra</span> <span class='ocrx_word' id='word_1_354' title='bbox 254 4129 364 4184; x_wconf 75' lang='lat' dir='ltr'>dicde</span> <span class='ocrx_word' id='word_1_355' title='bbox 377 4131 514 4184; x_wconf 82' lang='lat' dir='ltr'>rationem</span> <span class='ocrx_word' id='word_1_356' title='bbox 537 4130 677 4196; x_wconf 73' lang='lat' dir='ltr'>acciperet</span> <span class='ocrx_word' id='word_1_357' title='bbox 694 4139 808 4185; x_wconf 78' lang='lat' dir='ltr'>orator:</span> <span class='ocrx_word' id='word_1_358' title='bbox 828 4127 907 4203; x_wconf 77' lang='lat' dir='ltr'>aliar,</span> <span class='ocrx_word' id='word_1_359' title='bbox 931 4152 1001 4206; x_wconf 77' lang='lat' dir='ltr'>quaa</span> <span class='ocrx_word' id='word_1_360' title='bbox 1017 4153 1056 4190; x_wconf 86' lang='lat' dir='ltr'>ex</span> <span class='ocrx_word' id='word_1_361' title='bbox 1071 4135 1175 4194; x_wconf 73' lang='lat' dir='ltr'>caussa</span> 
     </span>
     <span class='ocr_line' id='line_1_46' title="bbox 72 4204 1175 4287; baseline 0.01 -25"><span class='ocrx_word' id='word_1_362' title='bbox 72 4205 201 4262; x_wconf 72' lang='lat' dir='ltr'>traheret</span> <span class='ocrx_word' id='word_1_363' title='bbox 222 4207 292 4274; x_wconf 71' lang='lat' dir='ltr'>israe</span> <span class='ocrx_word' id='word_1_364' title='bbox 332 4205 383 4265; x_wconf 86' lang='lat' dir='ltr'>Sic</span> <span class='ocrx_word' id='word_1_365' title='bbox 396 4204 489 4282; x_wconf 75' lang='lat' dir='ltr'>igitur</span> <span class='ocrx_word' id='word_1_366' title='bbox 515 4209 615 4266; x_wconf 84' lang='lat' dir='ltr'>locum</span> <span class='ocrx_word' id='word_1_367' title='bbox 636 4206 784 4276; x_wconf 74' lang='lat' dir='ltr'>emendoa</span> <span class='ocrx_word' id='word_1_368' title='bbox 805 4215 964 4286; x_wconf 81' lang='lat' dir='ltr'>etreliqua,</span> <span class='ocrx_word' id='word_1_369' title='bbox 992 4217 1018 4268; x_wconf 79' lang='lat' dir='ltr'>aa·</span> <span class='ocrx_word' id='word_1_370' title='bbox 1031 4230 1175 4287; x_wconf 72' lang='lat' dir='ltr'>pararunt,</span> 
     </span>
     <span class='ocr_line' id='line_1_47' title="bbox 72 4287 1212 4366; baseline 0.011 -27"><span class='ocrx_word' id='word_1_371' title='bbox 72 4303 133 4358; x_wconf 75' lang='lat' dir='ltr'>pue</span> <span class='ocrx_word' id='word_1_372' title='bbox 144 4299 199 4340; x_wconf 80' lang='lat' dir='ltr'>noar</span> <span class='ocrx_word' id='word_1_373' title='bbox 212 4287 399 4352; x_wconf 68' lang='lat' dir='ltr'>reperiuntur</span> <span class='ocrx_word' id='word_1_374' title='bbox 411 4287 447 4342; x_wconf 83' lang='lat' dir='ltr'>ab</span> <span class='ocrx_word' id='word_1_375' title='bbox 462 4299 582 4358; x_wconf 84' lang='lat' dir='ltr'>oratore,</span> <span class='ocrx_word' id='word_1_376' title='bbox 594 4289 696 4343; x_wconf 78' lang='lat' dir='ltr'>sadud</span> <span class='ocrx_word' id='word_1_377' title='bbox 707 4301 923 4349; x_wconf 79' lang='lat' dir='ltr'>oratoremcum</span> <span class='ocrx_word' id='word_1_378' title='bbox 938 4305 1048 4356; x_wconf 84' lang='lat' dir='ltr'>caussa,</span> <span class='ocrx_word' id='word_1_379' title='bbox 1063 4299 1176 4366; x_wconf 59' lang='lat' dir='ltr'>atque&amp;</span> <span class='ocrx_word' id='word_1_380' title='bbox 1209 4304 1212 4312; x_wconf 86' lang='lat'>&#39;</span> 
     </span>
     <span class='ocr_line' id='line_1_48' title="bbox 70 4363 1210 4451; baseline 0.018 -32"><span class='ocrx_word' id='word_1_381' title='bbox 70 4365 131 4420; x_wconf 81' lang='lat' dir='ltr'>reia</span> <span class='ocrx_word' id='word_1_382' title='bbox 142 4364 317 4451; x_wconf 72' lang='lat' dir='ltr'>deseruntur.</span> <span class='ocrx_word' id='word_1_383' title='bbox 350 4365 426 4424; x_wconf 60' lang='lat' dir='ltr'>‘Nec</span> <span class='ocrx_word' id='word_1_384' title='bbox 446 4363 530 4425; x_wconf 84' lang='lat' dir='ltr'>aliter</span> <span class='ocrx_word' id='word_1_385' title='bbox 551 4364 671 4440; x_wconf 86' lang='lat' dir='ltr'>Quinct.</span> <span class='ocrx_word' id='word_1_386' title='bbox 687 4365 760 4426; x_wconf 75' lang='lat' dir='ltr'>Inar.</span> <span class='ocrx_word' id='word_1_387' title='bbox 784 4371 830 4428; x_wconf 82' lang='lat' dir='ltr'>Or</span> <span class='ocrx_word' id='word_1_388' title='bbox 843 4393 870 4429; x_wconf 85' lang='lat' dir='ltr'>v.</span> <span class='ocrx_word' id='word_1_389' title='bbox 886 4376 910 4424; x_wconf 88' lang='lat'>9.</span> <span class='ocrx_word' id='word_1_390' title='bbox 927 4371 964 4427; x_wconf 89' lang='lat' dir='ltr'>de</span> <span class='ocrx_word' id='word_1_391' title='bbox 991 4377 1175 4446; x_wconf 79' lang='lat' dir='ltr'>argumentis</span> <span class='ocrx_word' id='word_1_392' title='bbox 1208 4371 1210 4378; x_wconf 47' lang='lat'><strong>⁴</strong></span> 
     </span>
     <span class='ocr_line' id='line_1_49' title="bbox 69 4437 1175 4521; baseline 0.015 -23"><span class='ocrx_word' id='word_1_393' title='bbox 69 4437 457 4516; x_wconf 79' lang='lat' dir='ltr'>inarnficialibossicdicit,</span> <span class='ocrx_word' id='word_1_394' title='bbox 470 4462 520 4506; x_wconf 84' lang='lat' dir='ltr'>ner</span> <span class='ocrx_word' id='word_1_395' title='bbox 529 4448 716 4506; x_wconf 64' lang='lat' dir='ltr'>invertantur</span> <span class='ocrx_word' id='word_1_396' title='bbox 727 4441 767 4506; x_wconf 65' lang='lat' dir='ltr'>ab*</span> <span class='ocrx_word' id='word_1_397' title='bbox 775 4463 894 4521; x_wconf 75' lang='lat' dir='ltr'>oratur,</span> <span class='ocrx_word' id='word_1_398' title='bbox 914 4451 966 4508; x_wconf 78' lang='lat' dir='ltr'>aed</span> <span class='ocrx_word' id='word_1_399' title='bbox 977 4453 1017 4506; x_wconf 84' lang='lat' dir='ltr'>ad</span> <span class='ocrx_word' id='word_1_400' title='bbox 1029 4471 1175 4520; x_wconf 80' lang='lat' dir='ltr'>eumcum</span> 
     </span>
     <span class='ocr_line' id='line_1_50' title="bbox 71 4524 1177 4605; baseline -0.001 -13"><span class='ocrx_word' id='word_1_401' title='bbox 71 4524 478 4605; x_wconf 55' lang='lat' dir='ltr'>dwuuusudeserunuw</span> <span class='ocrx_word' id='word_1_402' title='bbox 1175 4547 1177 4552; x_wconf 64' lang='grc'>’</span> 
     </span>
    </p>
   </div>
   <div class='ocr_carea' id='block_1_12' title="bbox 0 0 1408 5020">
    <p class='ocr_par' dir='ltr' id='par_1_12' title="bbox 0 0 1408 5020">
     <span class='ocr_line' id='line_1_51' title="bbox 0 0 1408 5020; baseline 0 2"><span class='ocrx_word' id='word_1_403' title='bbox 0 0 1408 5020; x_wconf 95' lang='lat' dir='ltr'> </span> 
     </span>
    </p>
   </div>
  </div>
 </body>
</html>
