<?xml version="1.0" encoding="UTF-8"?>
<!DOCTYPE html PUBLIC "-//W3C//DTD XHTML 1.0 Transitional//EN"
    "http://www.w3.org/TR/xhtml1/DTD/xhtml1-transitional.dtd">
<html xmlns="http://www.w3.org/1999/xhtml" xml:lang="en" lang="en">
 <head>
  <title>
</title>
<meta http-equiv="Content-Type" content="text/html;charset=utf-8" />
  <meta name='ocr-system' content='tesseract 3.04.00' />
  <meta name='ocr-capabilities' content='ocr_page ocr_carea ocr_par ocr_line ocrx_word'/>
</head>
<body>
  <div class='ocr_page' id='page_1' title='image "./mtulliiciceroni00peargoog_0168.png"; bbox 0 0 2808 5020; ppageno 0'>
   <div class='ocr_carea' id='block_1_1' title="bbox 221 365 918 430">
    <p class='ocr_par' dir='ltr' id='par_1_1' title="bbox 221 365 918 430">
     <span class='ocr_line' id='line_1_1' title="bbox 221 365 918 430; baseline 0.017 -12"><span class='ocrx_word' id='word_1_1' title='bbox 221 367 273 422; x_wconf 73' lang='lat'>1⁵2</span> <span class='ocrx_word' id='word_1_2' title='bbox 637 365 695 428; x_wconf 84' lang='lat' dir='ltr'>DE</span> <span class='ocrx_word' id='word_1_3' title='bbox 714 365 918 430; x_wconf 84' lang='lat' dir='ltr'>ORATORE</span> 
     </span>
    </p>
   </div>
   <div class='ocr_carea' id='block_1_2' title="bbox 201 507 1328 1492">
    <p class='ocr_par' dir='ltr' id='par_1_2' title="bbox 201 507 1328 1492">
     <span class='ocr_line' id='line_1_2' title="bbox 213 507 1321 618; baseline 0.007 -32"><span class='ocrx_word' id='word_1_4' title='bbox 213 537 283 612; x_wconf 88' lang='lat' dir='ltr'>que</span> <span class='ocrx_word' id='word_1_5' title='bbox 297 517 349 584; x_wconf 85' lang='lat' dir='ltr'>est</span> <span class='ocrx_word' id='word_1_6' title='bbox 366 507 437 582; x_wconf 86' lang='lat' dir='ltr'>ulla</span> <span class='ocrx_word' id='word_1_7' title='bbox 451 512 670 608; x_wconf 72' lang='lat' dir='ltr'>temperatior</span> <span class='ocrx_word' id='word_1_8' title='bbox 685 514 809 595; x_wconf 84' lang='lat' dir='ltr'>oratio,</span> <span class='ocrx_word' id='word_1_9' title='bbox 823 518 932 611; x_wconf 71' lang='lat' dir='ltr'>quem</span> <span class='ocrx_word' id='word_1_10' title='bbox 946 515 1013 598; x_wconf 87' lang='lat' dir='ltr'>ills,</span> <span class='ocrx_word' id='word_1_11' title='bbox 1030 515 1068 592; x_wconf 87' lang='lat' dir='ltr'>in</span> <span class='ocrx_word' id='word_1_12' title='bbox 1080 521 1321 618; x_wconf 79' lang='lat' dir='ltr'>quaasperitss</span> 
     </span>
     <span class='ocr_line' id='line_1_3' title="bbox 210 609 1322 708; baseline 0.007 -24"><span class='ocrx_word' id='word_1_13' title='bbox 210 609 449 686; x_wconf 86' lang='lat' dir='ltr'>contentionis</span> <span class='ocrx_word' id='word_1_14' title='bbox 465 610 613 684; x_wconf 90' lang='lat' dir='ltr'>oratoris</span> <span class='ocrx_word' id='word_1_15' title='bbox 629 611 737 708; x_wconf 87' lang='lat' dir='ltr'>ipsius</span> <span class='ocrx_word' id='word_1_16' title='bbox 753 612 976 686; x_wconf 82' lang='lat' dir='ltr'>humanitate</span> <span class='ocrx_word' id='word_1_17' title='bbox 987 616 1159 698; x_wconf 80' lang='lat' dir='ltr'>conditur,</span> <span class='ocrx_word' id='word_1_18' title='bbox 1172 618 1322 694; x_wconf 77' lang='lat' dir='ltr'>remissio</span> 
     </span>
     <span class='ocr_line' id='line_1_4' title="bbox 208 709 1320 806; baseline 0.008 -26"><span class='ocrx_word' id='word_1_19' title='bbox 208 717 325 782; x_wconf 81' lang='lat' dir='ltr'>autem</span> <span class='ocrx_word' id='word_1_20' title='bbox 338 709 490 782; x_wconf 77' lang='lat' dir='ltr'>lenitatis</span> <span class='ocrx_word' id='word_1_21' title='bbox 507 709 653 806; x_wconf 80' lang='lat' dir='ltr'>quadem</span> <span class='ocrx_word' id='word_1_22' title='bbox 670 711 843 806; x_wconf 85' lang='lat' dir='ltr'>gravitate</span> <span class='ocrx_word' id='word_1_23' title='bbox 859 719 897 782; x_wconf 87' lang='lat' dir='ltr'>et</span> <span class='ocrx_word' id='word_1_24' title='bbox 912 714 1141 788; x_wconf 84' lang='lat' dir='ltr'>contentione</span> <span class='ocrx_word' id='word_1_25' title='bbox 1156 718 1320 789; x_wconf 83' lang='lat' dir='ltr'>fimratur.</span> 
     </span>
     <span class='ocr_line' id='line_1_5' title="bbox 208 806 1321 910; baseline 0.006 -31"><span class='ocrx_word' id='word_1_26' title='bbox 208 807 255 879; x_wconf 89' lang='lat' dir='ltr'>In</span> <span class='ocrx_word' id='word_1_27' title='bbox 266 815 418 902; x_wconf 90' lang='lat' dir='ltr'>utroque</span> <span class='ocrx_word' id='word_1_28' title='bbox 431 816 553 880; x_wconf 88' lang='lat' dir='ltr'>autem</span> <span class='ocrx_word' id='word_1_29' title='bbox 567 806 861 904; x_wconf 85' lang='lat' dir='ltr'>generedicendi,</span> <span class='ocrx_word' id='word_1_30' title='bbox 877 817 914 880; x_wconf 92' lang='lat' dir='ltr'>et</span> <span class='ocrx_word' id='word_1_31' title='bbox 926 807 997 887; x_wconf 87' lang='lat' dir='ltr'>illo,</span> <span class='ocrx_word' id='word_1_32' title='bbox 1022 810 1060 882; x_wconf 93' lang='lat' dir='ltr'>in</span> <span class='ocrx_word' id='word_1_33' title='bbox 1076 837 1149 906; x_wconf 92' lang='lat' dir='ltr'>quo</span> <span class='ocrx_word' id='word_1_34' title='bbox 1160 813 1321 910; x_wconf 87' lang='lat' dir='ltr'>visatque</span> 
     </span>
     <span class='ocr_line' id='line_1_6' title="bbox 208 904 1323 1000; baseline 0.004 -22"><span class='ocrx_word' id='word_1_35' title='bbox 208 907 396 980; x_wconf 86' lang='lat' dir='ltr'>eontentio</span> <span class='ocrx_word' id='word_1_36' title='bbox 407 905 590 1000; x_wconf 77' lang='lat' dir='ltr'>quaeritur,</span> <span class='ocrx_word' id='word_1_37' title='bbox 599 914 635 976; x_wconf 89' lang='lat' dir='ltr'>et</span> <span class='ocrx_word' id='word_1_38' title='bbox 644 905 720 986; x_wconf 86' lang='lat' dir='ltr'>hoo,</span> <span class='ocrx_word' id='word_1_39' title='bbox 733 904 827 1000; x_wconf 90' lang='lat' dir='ltr'>quod</span> <span class='ocrx_word' id='word_1_40' title='bbox 839 905 887 978; x_wconf 85' lang='lat' dir='ltr'>ad</span> <span class='ocrx_word' id='word_1_41' title='bbox 898 905 1006 980; x_wconf 82' lang='lat' dir='ltr'>vitam</span> <span class='ocrx_word' id='word_1_42' title='bbox 1022 918 1058 978; x_wconf 88' lang='lat' dir='ltr'>et</span> <span class='ocrx_word' id='word_1_43' title='bbox 1069 931 1323 987; x_wconf 85' lang='lat' dir='ltr'>moresacoom·</span> 
     </span>
     <span class='ocr_line' id='line_1_7' title="bbox 201 1000 1322 1106; baseline 0.004 -30"><span class='ocrx_word' id='word_1_44' title='bbox 201 1003 381 1084; x_wconf 76' lang='lat' dir='ltr'>modatm,</span> <span class='ocrx_word' id='word_1_45' title='bbox 401 1000 464 1074; x_wconf 85' lang='lat' dir='ltr'>⁶et</span> <span class='ocrx_word' id='word_1_46' title='bbox 478 1001 646 1098; x_wconf 83' lang='lat' dir='ltr'>principia</span> <span class='ocrx_word' id='word_1_47' title='bbox 669 1002 766 1074; x_wconf 80' lang='lat' dir='ltr'>tarda</span> <span class='ocrx_word' id='word_1_48' title='bbox 781 1012 877 1086; x_wconf 87' lang='lat' dir='ltr'>sunt,</span> <span class='ocrx_word' id='word_1_49' title='bbox 901 1012 938 1076; x_wconf 90' lang='lat' dir='ltr'>et</span> <span class='ocrx_word' id='word_1_50' title='bbox 951 1005 1066 1078; x_wconf 85' lang='lat' dir='ltr'>exitus</span> <span class='ocrx_word' id='word_1_51' title='bbox 1083 1013 1208 1080; x_wconf 88' lang='lat' dir='ltr'>tamen</span> <span class='ocrx_word' id='word_1_52' title='bbox 1217 1009 1322 1106; x_wconf 90' lang='lat' dir='ltr'>spissi</span> 
     </span>
     <span class='ocr_line' id='line_1_8' title="bbox 206 1099 1325 1198; baseline 0.007 -28"><span class='ocrx_word' id='word_1_53' title='bbox 206 1109 241 1172; x_wconf 92' lang='lat' dir='ltr'>et</span> <span class='ocrx_word' id='word_1_54' title='bbox 252 1101 413 1195; x_wconf 83' lang='lat' dir='ltr'>producti</span> <span class='ocrx_word' id='word_1_55' title='bbox 425 1124 502 1172; x_wconf 90' lang='lat' dir='ltr'>esse</span> <span class='ocrx_word' id='word_1_56' title='bbox 512 1099 660 1172; x_wconf 89' lang='lat' dir='ltr'>debent:</span> <span class='ocrx_word' id='word_1_57' title='bbox 684 1125 769 1174; x_wconf 84' lang='lat' dir='ltr'>nam</span> <span class='ocrx_word' id='word_1_58' title='bbox 782 1102 1131 1198; x_wconf 86' lang='lat' dir='ltr'>neque&#39;assiliendum</span> <span class='ocrx_word' id='word_1_59' title='bbox 1144 1105 1261 1178; x_wconf 82' lang='lat' dir='ltr'>stetim</span> <span class='ocrx_word' id='word_1_60' title='bbox 1271 1116 1325 1178; x_wconf 90' lang='lat' dir='ltr'>est</span> 
     </span>
     <span class='ocr_line' id='line_1_9' title="bbox 202 1196 1328 1293; baseline 0.006 -23"><span class='ocrx_word' id='word_1_61' title='bbox 202 1197 249 1270; x_wconf 84' lang='lat' dir='ltr'>ad</span> <span class='ocrx_word' id='word_1_62' title='bbox 265 1196 351 1270; x_wconf 91' lang='lat' dir='ltr'>illud</span> <span class='ocrx_word' id='word_1_63' title='bbox 367 1219 481 1293; x_wconf 86' lang='lat' dir='ltr'>genus</span> <span class='ocrx_word' id='word_1_64' title='bbox 497 1197 664 1270; x_wconf 85' lang='lat' dir='ltr'>orationis</span> <span class='ocrx_word' id='word_1_65' title='bbox 682 1200 800 1286; x_wconf 86' lang='lat' dir='ltr'>(abest</span> <span class='ocrx_word' id='word_1_66' title='bbox 816 1200 910 1274; x_wconf 89' lang='lat' dir='ltr'>enim</span> <span class='ocrx_word' id='word_1_67' title='bbox 937 1211 1053 1273; x_wconf 91' lang='lat' dir='ltr'>totum</span> <span class='ocrx_word' id='word_1_68' title='bbox 1081 1205 1102 1272; x_wconf 76' lang='lat' dir='ltr'>si</span> <span class='ocrx_word' id='word_1_69' title='bbox 1127 1227 1263 1284; x_wconf 82' lang='lat' dir='ltr'>caussa,</span> <span class='ocrx_word' id='word_1_70' title='bbox 1288 1213 1328 1276; x_wconf 82' lang='lat' dir='ltr'>et</span> 
     </span>
     <span class='ocr_line' id='line_1_10' title="bbox 206 1292 1324 1396; baseline 0.007 -30"><span class='ocrx_word' id='word_1_71' title='bbox 206 1294 366 1368; x_wconf 90' lang='lat' dir='ltr'>homines</span> <span class='ocrx_word' id='word_1_72' title='bbox 382 1292 477 1391; x_wconf 80' lang='lat' dir='ltr'>priris</span> <span class='ocrx_word' id='word_1_73' title='bbox 494 1293 608 1390; x_wconf 91' lang='lat' dir='ltr'>ipsum</span> <span class='ocrx_word' id='word_1_74' title='bbox 625 1294 724 1373; x_wconf 87' lang='lat' dir='ltr'>illud,</span> <span class='ocrx_word' id='word_1_75' title='bbox 748 1297 843 1388; x_wconf 91' lang='lat' dir='ltr'>quod</span> <span class='ocrx_word' id='word_1_76' title='bbox 859 1299 1035 1393; x_wconf 87' lang='lat' dir='ltr'>proprium</span> <span class='ocrx_word' id='word_1_77' title='bbox 1052 1299 1108 1372; x_wconf 90' lang='lat' dir='ltr'>sui</span> <span class='ocrx_word' id='word_1_78' title='bbox 1119 1300 1242 1396; x_wconf 84' lang='lat' dir='ltr'>judieii</span> <span class='ocrx_word' id='word_1_79' title='bbox 1256 1309 1324 1381; x_wconf 85' lang='lat' dir='ltr'>est,</span> 
     </span>
     <span class='ocr_line' id='line_1_11' title="bbox 205 1388 1324 1492; baseline 0.005 -27"><span class='ocrx_word' id='word_1_80' title='bbox 205 1393 322 1465; x_wconf 85' lang='lat' dir='ltr'>audire</span> <span class='ocrx_word' id='word_1_81' title='bbox 345 1388 573 1482; x_wconf 84' lang='lat' dir='ltr'>desiderant),</span> <span class='ocrx_word' id='word_1_82' title='bbox 597 1415 674 1471; x_wconf 87' lang='lat' dir='ltr'>nec,</span> <span class='ocrx_word' id='word_1_83' title='bbox 702 1389 784 1468; x_wconf 80' lang='lat' dir='ltr'>oiim</span> <span class='ocrx_word' id='word_1_84' title='bbox 800 1391 839 1464; x_wconf 90' lang='lat' dir='ltr'>in</span> <span class='ocrx_word' id='word_1_85' title='bbox 855 1417 929 1464; x_wconf 85' lang='lat' dir='ltr'>eam</span> <span class='ocrx_word' id='word_1_86' title='bbox 955 1396 1129 1470; x_wconf 84' lang='lat' dir='ltr'>rationem</span> <span class='ocrx_word' id='word_1_87' title='bbox 1145 1397 1324 1492; x_wconf 86' lang='lat' dir='ltr'>ingressus</span> 
     </span>
    </p>
   </div>
   <div class='ocr_carea' id='block_1_3' title="bbox 206 1487 1386 1588">
    <p class='ocr_par' dir='ltr' id='par_1_3' title="bbox 206 1487 1386 1588">
     <span class='ocr_line' id='line_1_12' title="bbox 206 1487 1386 1588; baseline 0.004 -26"><span class='ocrx_word' id='word_1_88' title='bbox 206 1491 264 1570; x_wconf 88' lang='lat' dir='ltr'>sis,</span> <span class='ocrx_word' id='word_1_89' title='bbox 276 1489 435 1564; x_wconf 83' lang='lat' dir='ltr'>celeriter</span> <span class='ocrx_word' id='word_1_90' title='bbox 444 1487 652 1562; x_wconf 83' lang='lat' dir='ltr'>discendum</span> <span class='ocrx_word' id='word_1_91' title='bbox 661 1498 735 1560; x_wconf 86' lang='lat' dir='ltr'>est:</span> <span class='ocrx_word' id='word_1_92' title='bbox 753 1490 789 1560; x_wconf 93' lang='lat' dir='ltr'>N</span> <span class='ocrx_word' id='word_1_93' title='bbox 792 1513 838 1565; x_wconf 93' lang='lat' dir='ltr'>on</span> <span class='ocrx_word' id='word_1_94' title='bbox 848 1489 953 1571; x_wconf 89' lang='lat' dir='ltr'>enim,</span> <span class='ocrx_word' id='word_1_95' title='bbox 963 1491 1055 1564; x_wconf 89' lang='lat' dir='ltr'>sicut</span> <span class='ocrx_word' id='word_1_96' title='bbox 1063 1505 1325 1588; x_wconf 87' lang='lat' dir='ltr'>argumentum,</span> <span class='ocrx_word' id='word_1_97' title='bbox 1385 1505 1386 1588; x_wconf 63' lang='lat' dir='ltr'>l</span> 
     </span>
    </p>
   </div>
   <div class='ocr_carea' id='block_1_4' title="bbox 147 1586 1326 2576">
    <p class='ocr_par' dir='ltr' id='par_1_4' title="bbox 147 1586 1326 2576">
     <span class='ocr_line' id='line_1_13' title="bbox 204 1586 1324 1686; baseline 0.004 -26"><span class='ocrx_word' id='word_1_98' title='bbox 204 1589 416 1683; x_wconf 79' lang='lat' dir='ltr'>simulatque</span> <span class='ocrx_word' id='word_1_99' title='bbox 431 1587 582 1683; x_wconf 84' lang='lat' dir='ltr'>positum</span> <span class='ocrx_word' id='word_1_100' title='bbox 598 1595 664 1668; x_wconf 89' lang='lat' dir='ltr'>est,</span> <span class='ocrx_word' id='word_1_101' title='bbox 681 1586 852 1684; x_wconf 86' lang='lat' dir='ltr'>arripitur,</span> <span class='ocrx_word' id='word_1_102' title='bbox 880 1588 1097 1686; x_wconf 84' lang='lat' dir='ltr'>alterumque</span> <span class='ocrx_word' id='word_1_103' title='bbox 1116 1601 1160 1662; x_wconf 84' lang='lat' dir='ltr'>&#39;et</span> <span class='ocrx_word' id='word_1_104' title='bbox 1177 1594 1324 1666; x_wconf 87' lang='lat' dir='ltr'>tertium</span> 
     </span>
     <span class='ocr_line' id='line_1_14' title="bbox 147 1684 1324 1784; baseline 0.003 -24"><span class='ocrx_word' id='word_1_105' title='bbox 147 1765 150 1776; x_wconf 62' lang='grc'><em>,</em></span> <span class='ocrx_word' id='word_1_106' title='bbox 197 1685 359 1784; x_wconf 77' lang='lat' dir='ltr'>¹posoitsu</span> <span class='ocrx_word' id='word_1_107' title='bbox 370 1713 380 1772; x_wconf 92' lang='lat'>;</span> <span class='ocrx_word' id='word_1_108' title='bbox 403 1685 455 1756; x_wconf 84' lang='lat' dir='ltr'>ita</span> <span class='ocrx_word' id='word_1_109' title='bbox 470 1684 739 1761; x_wconf 82' lang='lat' dir='ltr'>misericordiam</span> <span class='ocrx_word' id='word_1_110' title='bbox 762 1695 823 1758; x_wconf 86' lang='lat' dir='ltr'>aut</span> <span class='ocrx_word' id='word_1_111' title='bbox 839 1686 1077 1758; x_wconf 86' lang='lat' dir='ltr'>invidiamaut</span> <span class='ocrx_word' id='word_1_112' title='bbox 1093 1687 1324 1770; x_wconf 71' lang='lat' dir='ltr'>iracundiam·³</span> 
     </span>
     <span class='ocr_line' id='line_1_15' title="bbox 195 1782 1326 1880; baseline 0.004 -26"><span class='ocrx_word' id='word_1_113' title='bbox 195 1783 418 1879; x_wconf 74' lang='lat' dir='ltr'>,simulatque</span> <span class='ocrx_word' id='word_1_114' title='bbox 429 1782 601 1864; x_wconf 89' lang='lat' dir='ltr'>intuleris,</span> <span class='ocrx_word' id='word_1_115' title='bbox 608 1783 716 1880; x_wconf 90' lang='lat' dir='ltr'>possis</span> <span class='ocrx_word' id='word_1_116' title='bbox 726 1799 959 1856; x_wconf 87' lang='lat' dir='ltr'>commovere:</span> <span class='ocrx_word' id='word_1_117' title='bbox 972 1794 1218 1879; x_wconf 84' lang='lat' dir='ltr'>argumentum</span> <span class='ocrx_word' id='word_1_118' title='bbox 1229 1787 1326 1858; x_wconf 90' lang='lat' dir='ltr'>enim</span> 
     </span>
     <span class='ocr_line' id='line_1_16' title="bbox 203 1881 1326 1980; baseline 0.004 -28"><span class='ocrx_word' id='word_1_119' title='bbox 203 1883 295 1956; x_wconf 85' lang='lat' dir='ltr'>ratio</span> <span class='ocrx_word' id='word_1_120' title='bbox 309 1881 595 1978; x_wconf 78' lang='lat' dir='ltr'>ipsaoonfirrnst,</span> <span class='ocrx_word' id='word_1_121' title='bbox 620 1903 714 1976; x_wconf 84' lang='lat' dir='ltr'>quoe,</span> <span class='ocrx_word' id='word_1_122' title='bbox 739 1881 953 1976; x_wconf 80' lang='lat' dir='ltr'>simulatque</span> <span class='ocrx_word' id='word_1_123' title='bbox 969 1881 1094 1954; x_wconf 87' lang='lat' dir='ltr'>emissa</span> <span class='ocrx_word' id='word_1_124' title='bbox 1116 1890 1182 1962; x_wconf 88' lang='lat' dir='ltr'>est,</span> <span class='ocrx_word' id='word_1_125' title='bbox 1206 1882 1326 1980; x_wconf 80' lang='lat' dir='ltr'>adbae-</span> 
     </span>
     <span class='ocr_line' id='line_1_17' title="bbox 202 1977 1324 2076; baseline 0.004 -26"><span class='ocrx_word' id='word_1_126' title='bbox 202 1979 332 2059; x_wconf 85' lang='lat' dir='ltr'>resoit3</span> <span class='ocrx_word' id='word_1_127' title='bbox 356 1979 441 2050; x_wconf 94' lang='lat' dir='ltr'>illud</span> <span class='ocrx_word' id='word_1_128' title='bbox 456 1993 577 2050; x_wconf 89' lang='lat' dir='ltr'>autern</span> <span class='ocrx_word' id='word_1_129' title='bbox 589 2001 702 2072; x_wconf 83' lang='lat' dir='ltr'>genus</span> <span class='ocrx_word' id='word_1_130' title='bbox 719 1977 884 2050; x_wconf 87' lang='lat' dir='ltr'>orationis</span> <span class='ocrx_word' id='word_1_131' title='bbox 898 2001 973 2051; x_wconf 89' lang='lat' dir='ltr'>non</span> <span class='ocrx_word' id='word_1_132' title='bbox 984 1977 1228 2074; x_wconf 82' lang='lat' dir='ltr'>cognitionem</span> <span class='ocrx_word' id='word_1_133' title='bbox 1235 1981 1324 2076; x_wconf 75' lang='lat' dir='ltr'>judi</span> 
     </span>
     <span class='ocr_line' id='line_1_18' title="bbox 196 2072 1323 2174; baseline 0.005 -30"><span class='ocrx_word' id='word_1_134' title='bbox 196 2075 266 2154; x_wconf 20' lang='lat' dir='ltr'>lois,</span> <span class='ocrx_word' id='word_1_135' title='bbox 293 2075 353 2146; x_wconf 87' lang='lat' dir='ltr'>sed</span> <span class='ocrx_word' id='word_1_136' title='bbox 378 2074 490 2170; x_wconf 84' lang='lat' dir='ltr'>magis</span> <span class='ocrx_word' id='word_1_137' title='bbox 512 2072 806 2170; x_wconf 86' lang='lat' dir='ltr'>perturbationem</span> <span class='ocrx_word' id='word_1_138' title='bbox 827 2074 987 2168; x_wconf 76' lang='lat' dir='ltr'>requirit,</span> <span class='ocrx_word' id='word_1_139' title='bbox 1012 2099 1121 2170; x_wconf 84' lang='lat' dir='ltr'>quam</span> <span class='ocrx_word' id='word_1_140' title='bbox 1141 2080 1323 2174; x_wconf 84' lang='lat' dir='ltr'>consequi,</span> 
     </span>
     <span class='ocr_line' id='line_1_19' title="bbox 202 2170 1324 2267; baseline 0.002 -21"><span class='ocrx_word' id='word_1_141' title='bbox 202 2173 269 2246; x_wconf 87' lang='lat' dir='ltr'>nisi</span> <span class='ocrx_word' id='word_1_142' title='bbox 285 2174 400 2246; x_wconf 86' lang='lat' dir='ltr'>multa</span> <span class='ocrx_word' id='word_1_143' title='bbox 414 2179 449 2245; x_wconf 89' lang='lat' dir='ltr'>et</span> <span class='ocrx_word' id='word_1_144' title='bbox 465 2172 562 2246; x_wconf 85' lang='lat' dir='ltr'>varia</span> <span class='ocrx_word' id='word_1_145' title='bbox 576 2179 611 2242; x_wconf 90' lang='lat' dir='ltr'>et</span> <span class='ocrx_word' id='word_1_146' title='bbox 628 2171 770 2267; x_wconf 84' lang='lat' dir='ltr'>copiosa</span> <span class='ocrx_word' id='word_1_147' title='bbox 785 2170 952 2252; x_wconf 88' lang='lat' dir='ltr'>oratione,</span> <span class='ocrx_word' id='word_1_148' title='bbox 977 2180 1015 2244; x_wconf 92' lang='lat' dir='ltr'>et</span> <span class='ocrx_word' id='word_1_149' title='bbox 1031 2173 1133 2248; x_wconf 83' lang='lat' dir='ltr'>simili</span> <span class='ocrx_word' id='word_1_150' title='bbox 1148 2176 1324 2248; x_wconf 86' lang='lat' dir='ltr'>contenti·</span> 
     </span>
     <span class='ocr_line' id='line_1_20' title="bbox 194 2268 1322 2366; baseline 0.003 -23"><span class='ocrx_word' id='word_1_151' title='bbox 194 2295 271 2344; x_wconf 88' lang='lat' dir='ltr'>one</span> <span class='ocrx_word' id='word_1_152' title='bbox 294 2269 456 2350; x_wconf 89' lang='lat' dir='ltr'>actionis,</span> <span class='ocrx_word' id='word_1_153' title='bbox 485 2293 590 2344; x_wconf 90' lang='lat' dir='ltr'>nemo</span> <span class='ocrx_word' id='word_1_154' title='bbox 615 2277 743 2366; x_wconf 87' lang='lat' dir='ltr'>potest.</span> <span class='ocrx_word' id='word_1_155' title='bbox 794 2268 916 2354; x_wconf 82' lang='lat' dir='ltr'>Quare</span> <span class='ocrx_word' id='word_1_156' title='bbox 934 2269 993 2366; x_wconf 91' lang='lat' dir='ltr'>qui</span> <span class='ocrx_word' id='word_1_157' title='bbox 1012 2281 1074 2344; x_wconf 87' lang='lat' dir='ltr'>sut</span> <span class='ocrx_word' id='word_1_158' title='bbox 1098 2271 1245 2344; x_wconf 80' lang='lat' dir='ltr'>breuiter</span> <span class='ocrx_word' id='word_1_159' title='bbox 1263 2284 1322 2346; x_wconf 88' lang='lat' dir='ltr'>aut</span> 
     </span>
     <span class='ocr_line' id='line_1_21' title="bbox 200 2366 1323 2462; baseline 0.004 -20"><span class='ocrx_word' id='word_1_160' title='bbox 200 2370 381 2443; x_wconf 87' lang='lat' dir='ltr'>summisse</span> <span class='ocrx_word' id='word_1_161' title='bbox 393 2368 528 2448; x_wconf 69' lang='lat' dir='ltr'>mount,</span> <span class='ocrx_word' id='word_1_162' title='bbox 540 2369 666 2440; x_wconf 89' lang='lat' dir='ltr'>dooere</span> <span class='ocrx_word' id='word_1_163' title='bbox 678 2366 830 2460; x_wconf 81' lang='lat' dir='ltr'>judicem</span> <span class='ocrx_word' id='word_1_164' title='bbox 843 2377 1001 2462; x_wconf 75' lang='lat' dir='ltr'>possunt,</span> <span class='ocrx_word' id='word_1_165' title='bbox 1016 2392 1323 2446; x_wconf 80' lang='lat' dir='ltr'>commoverenon</span> 
     </span>
     <span class='ocr_line' id='line_1_22' title="bbox 191 2461 1320 2576; baseline 0.01 -44"><span class='ocrx_word' id='word_1_166' title='bbox 191 2475 370 2576; x_wconf 80' lang='lat' dir='ltr'>.possunt;</span> <span class='ocrx_word' id='word_1_167' title='bbox 396 2465 520 2558; x_wconf 92' lang='lat' dir='ltr'>inquo</span> <span class='ocrx_word' id='word_1_168' title='bbox 539 2473 626 2534; x_wconf 87' lang='lat' dir='ltr'>sunt</span> <span class='ocrx_word' id='word_1_169' title='bbox 640 2461 770 2534; x_wconf 87' lang='lat' dir='ltr'>omnia.</span> <span class='ocrx_word' id='word_1_170' title='bbox 819 2464 900 2536; x_wconf 86' lang='lat' dir='ltr'>Jam</span> <span class='ocrx_word' id='word_1_171' title='bbox 912 2463 1000 2538; x_wconf 88' lang='lat' dir='ltr'>illud</span> <span class='ocrx_word' id='word_1_172' title='bbox 1017 2469 1239 2564; x_wconf 86' lang='lat' dir='ltr'>perspicuum</span> <span class='ocrx_word' id='word_1_173' title='bbox 1255 2479 1320 2552; x_wconf 88' lang='lat' dir='ltr'>est,</span> 
     </span>
    </p>
   </div>
   <div class='ocr_carea' id='block_1_5' title="bbox 200 2559 1385 2654">
    <p class='ocr_par' dir='ltr' id='par_1_5' title="bbox 200 2559 1385 2654">
     <span class='ocr_line' id='line_1_23' title="bbox 200 2559 1385 2654; baseline 0.008 -20"><span class='ocrx_word' id='word_1_174' title='bbox 200 2585 358 2634; x_wconf 79' lang='lat' dir='ltr'>omnium</span> <span class='ocrx_word' id='word_1_175' title='bbox 373 2585 488 2634; x_wconf 88' lang='lat' dir='ltr'>rerum</span> <span class='ocrx_word' id='word_1_176' title='bbox 510 2559 549 2632; x_wconf 90' lang='lat' dir='ltr'>in</span> <span class='ocrx_word' id='word_1_177' title='bbox 567 2559 755 2632; x_wconf 82' lang='lat' dir='ltr'>contrarias·</span> <span class='ocrx_word' id='word_1_178' title='bbox 772 2569 887 2654; x_wconf 86' lang='lat' dir='ltr'>portes</span> <span class='ocrx_word' id='word_1_179' title='bbox 908 2561 1112 2638; x_wconf 84' lang='lat' dir='ltr'>faoultatem</span> <span class='ocrx_word' id='word_1_180' title='bbox 1128 2590 1174 2642; x_wconf 89' lang='lat' dir='ltr'>ex</span> <span class='ocrx_word' id='word_1_181' title='bbox 1199 2567 1320 2642; x_wconf 89' lang='lat' dir='ltr'>iisdem</span> <span class='ocrx_word' id='word_1_182' title='bbox 1384 2561 1385 2584; x_wconf 52' lang='lat'><em>*</em></span> 
     </span>
    </p>
   </div>
   <div class='ocr_carea' id='block_1_6' title="bbox 199 2653 1320 2858">
    <p class='ocr_par' dir='ltr' id='par_1_6' title="bbox 199 2653 1320 2858">
     <span class='ocr_line' id='line_1_24' title="bbox 199 2653 1319 2757; baseline 0.007 -29"><span class='ocrx_word' id='word_1_183' title='bbox 199 2656 414 2757; x_wconf 82' lang='lat' dir='ltr'>suppeditari</span> <span class='ocrx_word' id='word_1_184' title='bbox 426 2656 533 2730; x_wconf 85' lang='lat' dir='ltr'>loeis:</span> <span class='ocrx_word' id='word_1_185' title='bbox 549 2653 637 2728; x_wconf 87' lang='lat' dir='ltr'>⁷sed</span> <span class='ocrx_word' id='word_1_186' title='bbox 649 2666 855 2752; x_wconf 86' lang='lat' dir='ltr'>argumento</span> <span class='ocrx_word' id='word_1_187' title='bbox 867 2657 1100 2735; x_wconf 85' lang='lat' dir='ltr'>resistendum</span> <span class='ocrx_word' id='word_1_188' title='bbox 1112 2677 1178 2744; x_wconf 87' lang='lat' dir='ltr'>est,</span> <span class='ocrx_word' id='word_1_189' title='bbox 1190 2679 1258 2738; x_wconf 85' lang='lat' dir='ltr'>aut</span> <span class='ocrx_word' id='word_1_190' title='bbox 1271 2667 1319 2745; x_wconf 89' lang='lat' dir='ltr'>iis,</span> 
     </span>
     <span class='ocr_line' id='line_1_25' title="bbox 199 2754 1320 2858; baseline 0.005 -27"><span class='ocrx_word' id='word_1_191' title='bbox 199 2781 282 2854; x_wconf 85' lang='lat' dir='ltr'>quse</span> <span class='ocrx_word' id='word_1_192' title='bbox 293 2754 542 2853; x_wconf 83' lang='lat' dir='ltr'>comprobandi</span> <span class='ocrx_word' id='word_1_193' title='bbox 559 2754 633 2852; x_wconf 85' lang='lat' dir='ltr'>ojus</span> <span class='ocrx_word' id='word_1_194' title='bbox 645 2778 771 2828; x_wconf 82' lang='lat' dir='ltr'>caussa</span> <span class='ocrx_word' id='word_1_195' title='bbox 788 2767 979 2834; x_wconf 84' lang='lat' dir='ltr'>sumuntur</span> <span class='ocrx_word' id='word_1_196' title='bbox 1000 2761 1320 2858; x_wconf 80' lang='lat' dir='ltr'>reprehendendis3</span> 
     </span>
    </p>
   </div>
   <div class='ocr_carea' id='block_1_7' title="bbox 193 2952 1322 3666">
    <p class='ocr_par' dir='ltr' id='par_1_7' title="bbox 193 2952 1322 3666">
     <span class='ocr_line' id='line_1_26' title="bbox 198 2952 1319 3034; baseline -0.001 -18"><span class='ocrx_word' id='word_1_197' title='bbox 198 2955 329 3016; x_wconf 74' lang='lat' dir='ltr'>martimo</span> <span class='ocrx_word' id='word_1_198' title='bbox 345 2973 412 3030; x_wconf 85' lang='lat' dir='ltr'>pars</span> <span class='ocrx_word' id='word_1_199' title='bbox 427 2954 596 3034; x_wconf 86' lang='lat' dir='ltr'>MStorum‚</span> <span class='ocrx_word' id='word_1_200' title='bbox 610 2964 639 3013; x_wconf 87' lang='lat' dir='ltr'>et</span> <span class='ocrx_word' id='word_1_201' title='bbox 651 2952 836 3014; x_wconf 87' lang='lat' dir='ltr'>verbaetism</span> <span class='ocrx_word' id='word_1_202' title='bbox 851 2952 986 3028; x_wconf 73' lang='lat' dir='ltr'>proxime</span> <span class='ocrx_word' id='word_1_203' title='bbox 1003 2954 1200 3030; x_wconf 82' lang='lat' dir='ltr'>praecedentis</span> <span class='ocrx_word' id='word_1_204' title='bbox 1211 2960 1319 3027; x_wconf 77' lang='lat' dir='ltr'>influat</span> 
     </span>
     <span class='ocr_line' id='line_1_27' title="bbox 198 3029 1322 3108; baseline 0.003 -16"><span class='ocrx_word' id='word_1_205' title='bbox 198 3044 308 3106; x_wconf 63' lang='lat' dir='ltr'>oportet</span> <span class='ocrx_word' id='word_1_206' title='bbox 326 3037 446 3106; x_wconf 79' lang='lat' dir='ltr'>aliquid.</span> <span class='ocrx_word' id='word_1_207' title='bbox 486 3035 559 3092; x_wconf 83' lang='lat' dir='ltr'>Vox</span> <span class='ocrx_word' id='word_1_208' title='bbox 572 3035 696 3106; x_wconf 79' lang='lat' dir='ltr'>influere</span> <span class='ocrx_word' id='word_1_209' title='bbox 716 3051 786 3091; x_wconf 85' lang='lat' dir='ltr'>cum</span> <span class='ocrx_word' id='word_1_210' title='bbox 799 3029 897 3091; x_wconf 80' lang='lat' dir='ltr'>dativo</span> <span class='ocrx_word' id='word_1_211' title='bbox 916 3051 986 3091; x_wconf 82' lang='lat' dir='ltr'>casu</span> <span class='ocrx_word' id='word_1_212' title='bbox 1006 3046 1165 3108; x_wconf 86' lang='lat' dir='ltr'>usurpatur</span> <span class='ocrx_word' id='word_1_213' title='bbox 1187 3036 1223 3090; x_wconf 88' lang='lat' dir='ltr'>ab</span> <span class='ocrx_word' id='word_1_214' title='bbox 1243 3037 1322 3095; x_wconf 88' lang='lat' dir='ltr'>Ovi·</span> 
     </span>
     <span class='ocr_line' id='line_1_28' title="bbox 193 3112 1320 3183; baseline 0.001 -10"><span class='ocrx_word' id='word_1_215' title='bbox 193 3115 248 3173; x_wconf 71' lang='lat' dir='ltr'>dio</span> <span class='ocrx_word' id='word_1_216' title='bbox 260 3113 296 3172; x_wconf 70' lang='lat' dir='ltr'>in·</span> <span class='ocrx_word' id='word_1_217' title='bbox 305 3116 424 3174; x_wconf 82' lang='lat' dir='ltr'>Consul.</span> <span class='ocrx_word' id='word_1_218' title='bbox 439 3114 473 3171; x_wconf 86' lang='lat' dir='ltr'>ad</span> <span class='ocrx_word' id='word_1_219' title='bbox 498 3112 561 3170; x_wconf 87' lang='lat' dir='ltr'>Liv.</span> <span class='ocrx_word' id='word_1_220' title='bbox 585 3119 651 3169; x_wconf 80' lang='lat'><strong>395.</strong></span> <span class='ocrx_word' id='word_1_221' title='bbox 666 3116 756 3168; x_wconf 83' lang='lat' dir='ltr'>menti</span> <span class='ocrx_word' id='word_1_222' title='bbox 778 3115 857 3168; x_wconf 83' lang='lat' dir='ltr'>dolor</span> <span class='ocrx_word' id='word_1_223' title='bbox 870 3113 988 3183; x_wconf 56' lang='lat' dir='ltr'>instram</span> <span class='ocrx_word' id='word_1_224' title='bbox 1008 3126 1039 3171; x_wconf 83' lang='lat' dir='ltr'>et</span> <span class='ocrx_word' id='word_1_225' title='bbox 1058 3115 1093 3170; x_wconf 76' lang='lat' dir='ltr'>ab</span> <span class='ocrx_word' id='word_1_226' title='bbox 1108 3112 1269 3172; x_wconf 82' lang='lat' dir='ltr'>Ambrosio</span> <span class='ocrx_word' id='word_1_227' title='bbox 1283 3117 1320 3174; x_wconf 83' lang='lat' dir='ltr'>de</span> 
     </span>
     <span class='ocr_line' id='line_1_29' title="bbox 198 3189 1318 3282; baseline -0.006 -30"><span class='ocrx_word' id='word_1_228' title='bbox 198 3195 259 3252; x_wconf 83' lang='lat' dir='ltr'>off.</span> <span class='ocrx_word' id='word_1_229' title='bbox 275 3194 307 3252; x_wconf 88' lang='lat' dir='ltr'>ii.</span> <span class='ocrx_word' id='word_1_230' title='bbox 323 3201 364 3250; x_wconf 85' lang='lat'>12.</span> <span class='ocrx_word' id='word_1_231' title='bbox 390 3195 519 3252; x_wconf 76' lang='lat' dir='ltr'>clausisti</span> <span class='ocrx_word' id='word_1_232' title='bbox 522 3197 651 3262; x_wconf 85' lang='lat' dir='ltr'>fontem,</span> <span class='ocrx_word' id='word_1_233' title='bbox 665 3205 699 3249; x_wconf 80' lang='lat' dir='ltr'>ut</span> <span class='ocrx_word' id='word_1_234' title='bbox 712 3209 762 3248; x_wconf 84' lang='lat' dir='ltr'>nec</span> <span class='ocrx_word' id='word_1_235' title='bbox 777 3189 840 3248; x_wconf 72' lang='lat' dir='ltr'>aliis</span> <span class='ocrx_word' id='word_1_236' title='bbox 855 3189 971 3282; x_wconf 63' lang='lat' dir='ltr'>influat,</span> <span class='ocrx_word' id='word_1_237' title='bbox 990 3212 1042 3250; x_wconf 84' lang='lat' dir='ltr'>nec</span> <span class='ocrx_word' id='word_1_238' title='bbox 1056 3195 1110 3250; x_wconf 78' lang='lat' dir='ltr'>tibi</span> <span class='ocrx_word' id='word_1_239' title='bbox 1117 3197 1227 3262; x_wconf 72' lang='lat' dir='ltr'>prosit.</span> <span class='ocrx_word' id='word_1_240' title='bbox 1269 3195 1318 3253; x_wconf 74' lang='lat' dir='ltr'>Ne</span> 
     </span>
     <span class='ocr_line' id='line_1_30' title="bbox 197 3269 1318 3348; baseline 0.002 -18"><span class='ocrx_word' id='word_1_241' title='bbox 197 3271 389 3342; x_wconf 58' lang='lat' dir='ltr'>resedentes,</span> <span class='ocrx_word' id='word_1_242' title='bbox 414 3285 444 3331; x_wconf 83' lang='lat' dir='ltr'>te</span> <span class='ocrx_word' id='word_1_243' title='bbox 459 3274 560 3332; x_wconf 85' lang='lat' dir='ltr'>turbet</span> <span class='ocrx_word' id='word_1_244' title='bbox 571 3275 746 3345; x_wconf 69' lang='lat' dir='ltr'>insistendum</span> <span class='ocrx_word' id='word_1_245' title='bbox 760 3269 948 3345; x_wconf 77' lang='lat' dir='ltr'>partimpium</span> <span class='ocrx_word' id='word_1_246' title='bbox 973 3270 1123 3348; x_wconf 80' lang='lat' dir='ltr'>passivum</span> <span class='ocrx_word' id='word_1_247' title='bbox 1137 3271 1234 3331; x_wconf 87' lang='lat' dir='ltr'>Verbi</span> <span class='ocrx_word' id='word_1_248' title='bbox 1246 3289 1318 3332; x_wconf 84' lang='lat' dir='ltr'>neu·</span> 
     </span>
     <span class='ocr_line' id='line_1_31' title="bbox 197 3348 1315 3429; baseline 0.001 -19"><span class='ocrx_word' id='word_1_249' title='bbox 197 3350 290 3410; x_wconf 72' lang='lat' dir='ltr'>ttius:</span> <span class='ocrx_word' id='word_1_250' title='bbox 310 3369 379 3410; x_wconf 86' lang='lat' dir='ltr'>nam</span> <span class='ocrx_word' id='word_1_251' title='bbox 393 3353 440 3429; x_wconf 84' lang='lat' dir='ltr'>(ut</span> <span class='ocrx_word' id='word_1_252' title='bbox 452 3351 648 3410; x_wconf 83' lang='lat' dir='ltr'>Grammatici</span> <span class='ocrx_word' id='word_1_253' title='bbox 661 3349 809 3426; x_wconf 83' lang='lat' dir='ltr'>notarunt)</span> <span class='ocrx_word' id='word_1_254' title='bbox 824 3353 879 3412; x_wconf 87' lang='lat' dir='ltr'>hoc</span> <span class='ocrx_word' id='word_1_255' title='bbox 893 3368 951 3408; x_wconf 87' lang='lat' dir='ltr'>non</span> <span class='ocrx_word' id='word_1_256' title='bbox 960 3348 1025 3410; x_wconf 79' lang='lat' dir='ltr'>raro</span> <span class='ocrx_word' id='word_1_257' title='bbox 1035 3350 1087 3410; x_wconf 85' lang='lat' dir='ltr'>iit:</span> <span class='ocrx_word' id='word_1_258' title='bbox 1102 3350 1176 3408; x_wconf 82' lang='lat' dir='ltr'>-inde</span> <span class='ocrx_word' id='word_1_259' title='bbox 1185 3356 1315 3411; x_wconf 78' lang='lat' dir='ltr'>audenda</span> 
     </span>
     <span class='ocr_line' id='line_1_32' title="bbox 197 3428 1298 3506; baseline 0.001 -19"><span class='ocrx_word' id='word_1_260' title='bbox 197 3451 246 3489; x_wconf 77' lang='lat' dir='ltr'>res</span> <span class='ocrx_word' id='word_1_261' title='bbox 262 3442 293 3489; x_wconf 88' lang='lat' dir='ltr'>et</span> <span class='ocrx_word' id='word_1_262' title='bbox 306 3438 437 3490; x_wconf 82' lang='lat' dir='ltr'>coenonda</span> <span class='ocrx_word' id='word_1_263' title='bbox 447 3435 500 3486; x_wconf 84' lang='lat' dir='ltr'>olla</span> <span class='ocrx_word' id='word_1_264' title='bbox 514 3450 524 3487; x_wconf 89' lang='lat'>.·</span> <span class='ocrx_word' id='word_1_265' title='bbox 545 3429 612 3486; x_wconf 87' lang='lat' dir='ltr'>iude</span> <span class='ocrx_word' id='word_1_266' title='bbox 628 3429 643 3483; x_wconf 77' lang='lat' dir='ltr'>l</span> <span class='ocrx_word' id='word_1_267' title='bbox 650 3430 898 3500; x_wconf 78' lang='lat' dir='ltr'>jurejuraadas:</span> <span class='ocrx_word' id='word_1_268' title='bbox 920 3442 954 3489; x_wconf 88' lang='lat' dir='ltr'>ut</span> <span class='ocrx_word' id='word_1_269' title='bbox 967 3429 997 3488; x_wconf 90' lang='lat' dir='ltr'>in</span> <span class='ocrx_word' id='word_1_270' title='bbox 1011 3431 1085 3489; x_wconf 87' lang='lat' dir='ltr'>Hor.</span> <span class='ocrx_word' id='word_1_271' title='bbox 1098 3431 1154 3506; x_wconf 89' lang='lat' dir='ltr'>Ep.</span> <span class='ocrx_word' id='word_1_272' title='bbox 1168 3428 1198 3488; x_wconf 89' lang='lat' dir='ltr'>ii.</span> <span class='ocrx_word' id='word_1_273' title='bbox 1216 3437 1227 3486; x_wconf 94' lang='lat' dir='ltr'>l</span> <span class='ocrx_word' id='word_1_274' title='bbox 1255 3439 1298 3488; x_wconf 84' lang='lat'>16.</span> 
     </span>
     <span class='ocr_line' id='line_1_33' title="bbox 272 3519 873 3580; baseline -0.003 -14"><span class='ocrx_word' id='word_1_275' title='bbox 272 3521 456 3580; x_wconf 46' lang='lat' dir='ltr'>,Jurondasque</span> <span class='ocrx_word' id='word_1_276' title='bbox 466 3525 530 3564; x_wconf 87' lang='lat' dir='ltr'>tuum</span> <span class='ocrx_word' id='word_1_277' title='bbox 535 3524 582 3579; x_wconf 78' lang='lat' dir='ltr'>per</span> <span class='ocrx_word' id='word_1_278' title='bbox 592 3529 674 3562; x_wconf 82' lang='lat' dir='ltr'>nomen</span> <span class='ocrx_word' id='word_1_279' title='bbox 685 3519 796 3578; x_wconf 76' lang='lat' dir='ltr'>ponimus</span> <span class='ocrx_word' id='word_1_280' title='bbox 807 3531 873 3566; x_wconf 85' lang='lat' dir='ltr'>oras.</span> 
     </span>
     <span class='ocr_line' id='line_1_34' title="bbox 236 3585 1315 3666; baseline -0.006 -18"><span class='ocrx_word' id='word_1_281' title='bbox 236 3593 338 3666; x_wconf 88' lang='lat' dir='ltr'>Atque</span> <span class='ocrx_word' id='word_1_282' title='bbox 352 3590 451 3658; x_wconf 85' lang='lat' dir='ltr'>etism,</span> <span class='ocrx_word' id='word_1_283' title='bbox 464 3587 715 3662; x_wconf 84' lang='lat' dir='ltr'>quemadmodum</span> <span class='ocrx_word' id='word_1_284' title='bbox 730 3588 851 3647; x_wconf 84' lang='lat' dir='ltr'>Plautus</span> <span class='ocrx_word' id='word_1_285' title='bbox 863 3589 893 3646; x_wconf 91' lang='lat' dir='ltr'>in</span> <span class='ocrx_word' id='word_1_286' title='bbox 906 3585 1046 3657; x_wconf 72' lang='lat' dir='ltr'>Trium,</span> <span class='ocrx_word' id='word_1_287' title='bbox 1059 3607 1085 3646; x_wconf 84' lang='lat' dir='ltr'>r.</span> <span class='ocrx_word' id='word_1_288' title='bbox 1101 3593 1127 3645; x_wconf 80' lang='lat'>2.</span> <span class='ocrx_word' id='word_1_289' title='bbox 1140 3594 1187 3645; x_wconf 84' lang='grc'>35.</span> <span class='ocrx_word' id='word_1_290' title='bbox 1202 3586 1281 3658; x_wconf 90' lang='lat' dir='ltr'>dicit,</span> <span class='ocrx_word' id='word_1_291' title='bbox 1290 3592 1315 3644; x_wconf 78' lang='lat' dir='ltr'>ai</span> 
     </span>
    </p>
   </div>
   <div class='ocr_carea' id='block_1_8' title="bbox 195 3659 1384 3901">
    <p class='ocr_par' dir='ltr' id='par_1_8' title="bbox 195 3659 1384 3901">
     <span class='ocr_line' id='line_1_35' title="bbox 196 3659 1384 3744; baseline 0.002 -20"><span class='ocrx_word' id='word_1_292' title='bbox 196 3674 243 3726; x_wconf 79' lang='lat' dir='ltr'>illo</span> <span class='ocrx_word' id='word_1_293' title='bbox 254 3671 304 3724; x_wconf 78' lang='lat' dir='ltr'>tihi</span> <span class='ocrx_word' id='word_1_294' title='bbox 313 3675 418 3741; x_wconf 70' lang='lat' dir='ltr'>placet,</span> <span class='ocrx_word' id='word_1_295' title='bbox 434 3667 574 3744; x_wconf 81' lang='lat' dir='ltr'>placenda</span> <span class='ocrx_word' id='word_1_296' title='bbox 586 3671 643 3723; x_wconf 80' lang='lat' dir='ltr'>dos,</span> <span class='ocrx_word' id='word_1_297' title='bbox 652 3683 761 3738; x_wconf 78' lang='lat' dir='ltr'>quoque</span> <span class='ocrx_word' id='word_1_298' title='bbox 776 3680 830 3737; x_wconf 82' lang='lat' dir='ltr'>est,</span> <span class='ocrx_word' id='word_1_299' title='bbox 840 3685 925 3740; x_wconf 80' lang='lat' dir='ltr'>quam</span> <span class='ocrx_word' id='word_1_300' title='bbox 936 3664 1063 3738; x_wconf 77' lang='lat' dir='ltr'>dat-tibi,</span> <span class='ocrx_word' id='word_1_301' title='bbox 1082 3665 1101 3724; x_wconf 85' lang='lat' dir='ltr'>i.</span> <span class='ocrx_word' id='word_1_302' title='bbox 1117 3685 1146 3722; x_wconf 59' lang='lat' dir='ltr'>ee</span> <span class='ocrx_word' id='word_1_303' title='bbox 1157 3668 1245 3726; x_wconf 86' lang='lat' dir='ltr'>debet</span> <span class='ocrx_word' id='word_1_304' title='bbox 1258 3672 1315 3744; x_wconf 84' lang='lat' dir='ltr'>pls·</span> <span class='ocrx_word' id='word_1_305' title='bbox 1383 3659 1384 3722; x_wconf 71' lang='lat' dir='ltr'>l</span> 
     </span>
     <span class='ocr_line' id='line_1_36' title="bbox 195 3744 1384 3826; baseline -0.001 -20"><span class='ocrx_word' id='word_1_306' title='bbox 195 3765 284 3814; x_wconf 85' lang='lat' dir='ltr'>cere;</span> <span class='ocrx_word' id='word_1_307' title='bbox 306 3747 348 3805; x_wconf 86' lang='lat' dir='ltr'>sio</span> <span class='ocrx_word' id='word_1_308' title='bbox 357 3749 387 3806; x_wconf 91' lang='lat' dir='ltr'>in</span> <span class='ocrx_word' id='word_1_309' title='bbox 397 3750 527 3826; x_wconf 84' lang='lat' dir='ltr'>hocloco</span> <span class='ocrx_word' id='word_1_310' title='bbox 536 3749 768 3820; x_wconf 78' lang='lat' dir='ltr'>influendumest</span> <span class='ocrx_word' id='word_1_311' title='bbox 779 3744 888 3822; x_wconf 75' lang='lat' dir='ltr'>poterit</span> <span class='ocrx_word' id='word_1_312' title='bbox 899 3744 1078 3821; x_wconf 79' lang='lat' dir='ltr'>significare,</span> <span class='ocrx_word' id='word_1_313' title='bbox 1088 3745 1314 3806; x_wconf 82' lang='lat' dir='ltr'>debetiofluere.</span> <span class='ocrx_word' id='word_1_314' title='bbox 1383 3799 1384 3818; x_wconf 23' lang='lat' dir='ltr'>q</span> 
     </span>
     <span class='ocr_line' id='line_1_37' title="bbox 237 3825 1384 3901; baseline 0.001 -18"><span class='ocrx_word' id='word_1_315' title='bbox 237 3834 254 3883; x_wconf 84' lang='lat'><strong>6</strong></span> <span class='ocrx_word' id='word_1_316' title='bbox 268 3840 296 3882; x_wconf 83' lang='lat' dir='ltr'>et</span> <span class='ocrx_word' id='word_1_317' title='bbox 306 3830 455 3897; x_wconf 72' lang='lat' dir='ltr'>principio</span> <span class='ocrx_word' id='word_1_318' title='bbox 469 3833 552 3885; x_wconf 82' lang='lat' dir='ltr'>turdo</span> <span class='ocrx_word' id='word_1_319' title='bbox 564 3837 639 3894; x_wconf 80' lang='lat' dir='ltr'>aunt,</span> <span class='ocrx_word' id='word_1_320' title='bbox 654 3837 682 3880; x_wconf 85' lang='lat' dir='ltr'>et</span> <span class='ocrx_word' id='word_1_321' title='bbox 693 3828 793 3882; x_wconf 81' lang='lat' dir='ltr'>exitus</span> <span class='ocrx_word' id='word_1_322' title='bbox 804 3845 898 3883; x_wconf 81' lang='lat' dir='ltr'>tamen</span> <span class='ocrx_word' id='word_1_323' title='bbox 907 3827 1011 3901; x_wconf 71' lang='lat' dir='ltr'>spissi]</span> <span class='ocrx_word' id='word_1_324' title='bbox 1026 3825 1134 3900; x_wconf 87' lang='lat' dir='ltr'>Siquis</span> <span class='ocrx_word' id='word_1_325' title='bbox 1144 3826 1315 3898; x_wconf 77' lang='lat' dir='ltr'>sententiam</span> <span class='ocrx_word' id='word_1_326' title='bbox 1383 3845 1384 3864; x_wconf 62' lang='lat'>¹</span> 
     </span>
    </p>
   </div>
   <div class='ocr_carea' id='block_1_9' title="bbox 195 3903 1315 4454">
    <p class='ocr_par' dir='ltr' id='par_1_9' title="bbox 195 3903 1315 4454">
     <span class='ocr_line' id='line_1_38' title="bbox 197 3903 1315 3984; baseline -0.004 -18"><span class='ocrx_word' id='word_1_327' title='bbox 197 3919 373 3984; x_wconf 86' lang='lat' dir='ltr'>sequentem</span> <span class='ocrx_word' id='word_1_328' title='bbox 387 3904 517 3980; x_wconf 82' lang='lat' dir='ltr'>aspiciet,</span> <span class='ocrx_word' id='word_1_329' title='bbox 529 3926 594 3964; x_wconf 85' lang='lat' dir='ltr'>nam</span> <span class='ocrx_word' id='word_1_330' title='bbox 608 3924 698 3976; x_wconf 78' lang='lat' dir='ltr'>oeque</span> <span class='ocrx_word' id='word_1_331' title='bbox 721 3909 907 3970; x_wconf 78' lang='lat' dir='ltr'>assiliendum</span> <span class='ocrx_word' id='word_1_332' title='bbox 925 3909 1025 3960; x_wconf 77' lang='lat' dir='ltr'>statim</span> <span class='ocrx_word' id='word_1_333' title='bbox 1040 3917 1092 3974; x_wconf 78' lang='lat' dir='ltr'>est,</span> <span class='ocrx_word' id='word_1_334' title='bbox 1106 3917 1163 3964; x_wconf 88' lang='lat' dir='ltr'>etc.</span> <span class='ocrx_word' id='word_1_335' title='bbox 1188 3903 1315 3964; x_wconf 85' lang='lat' dir='ltr'>inveniet</span> 
     </span>
     <span class='ocr_line' id='line_1_39' title="bbox 197 3983 1314 4060; baseline -0.004 -14"><span class='ocrx_word' id='word_1_336' title='bbox 197 3985 361 4046; x_wconf 84' lang='lat' dir='ltr'>Antonium</span> <span class='ocrx_word' id='word_1_337' title='bbox 373 4002 431 4044; x_wconf 87' lang='lat' dir='ltr'>non</span> <span class='ocrx_word' id='word_1_338' title='bbox 445 3985 555 4056; x_wconf 85' lang='lat' dir='ltr'>dicere,</span> <span class='ocrx_word' id='word_1_339' title='bbox 567 3983 710 4060; x_wconf 79' lang='lat' dir='ltr'>principia</span> <span class='ocrx_word' id='word_1_340' title='bbox 723 3986 803 4042; x_wconf 69' lang='lat' dir='ltr'>meda</span> <span class='ocrx_word' id='word_1_341' title='bbox 815 4003 892 4052; x_wconf 89' lang='lat' dir='ltr'>esse,</span> <span class='ocrx_word' id='word_1_342' title='bbox 907 3983 960 4040; x_wconf 89' lang='lat' dir='ltr'>sed</span> <span class='ocrx_word' id='word_1_343' title='bbox 969 3985 1124 4042; x_wconf 83' lang='lat' dir='ltr'>tardaesse</span> <span class='ocrx_word' id='word_1_344' title='bbox 1138 3985 1265 4042; x_wconf 83' lang='lat' dir='ltr'>debere:</span> <span class='ocrx_word' id='word_1_345' title='bbox 1280 3985 1314 4041; x_wconf 87' lang='lat' dir='ltr'>de</span> 
     </span>
     <span class='ocr_line' id='line_1_40' title="bbox 195 4061 1315 4144; baseline -0.004 -22"><span class='ocrx_word' id='word_1_346' title='bbox 195 4065 348 4144; x_wconf 56' lang='lat' dir='ltr'>principiis</span> <span class='ocrx_word' id='word_1_347' title='bbox 376 4064 476 4134; x_wconf 87' lang='lat' dir='ltr'>simul,</span> <span class='ocrx_word' id='word_1_348' title='bbox 494 4075 525 4122; x_wconf 84' lang='lat' dir='ltr'>et</span> <span class='ocrx_word' id='word_1_349' title='bbox 538 4064 622 4123; x_wconf 83' lang='lat' dir='ltr'>exitu</span> <span class='ocrx_word' id='word_1_350' title='bbox 645 4065 807 4123; x_wconf 82' lang='lat' dir='ltr'>affectuum</span> <span class='ocrx_word' id='word_1_351' title='bbox 831 4074 980 4140; x_wconf 72' lang='lat' dir='ltr'>precepta</span> <span class='ocrx_word' id='word_1_352' title='bbox 1001 4065 1056 4122; x_wconf 85' lang='lat' dir='ltr'>dat.</span> <span class='ocrx_word' id='word_1_353' title='bbox 1097 4063 1207 4124; x_wconf 90' lang='lat' dir='ltr'>Deleto</span> <span class='ocrx_word' id='word_1_354' title='bbox 1227 4061 1315 4138; x_wconf 82' lang='lat' dir='ltr'>igitur</span> 
     </span>
     <span class='ocr_line' id='line_1_41' title="bbox 196 4138 1313 4219; baseline -0.006 -15"><span class='ocrx_word' id='word_1_355' title='bbox 196 4149 288 4204; x_wconf 84' lang='lat' dir='ltr'>verbo</span> <span class='ocrx_word' id='word_1_356' title='bbox 301 4157 380 4214; x_wconf 78' lang='lat' dir='ltr'>aunt,</span> <span class='ocrx_word' id='word_1_357' title='bbox 394 4158 425 4203; x_wconf 87' lang='lat' dir='ltr'>et</span> <span class='ocrx_word' id='word_1_358' title='bbox 438 4141 542 4208; x_wconf 83' lang='lat' dir='ltr'>clarior</span> <span class='ocrx_word' id='word_1_359' title='bbox 556 4143 639 4212; x_wconf 85' lang='lat' dir='ltr'>mibi,</span> <span class='ocrx_word' id='word_1_360' title='bbox 655 4155 686 4202; x_wconf 90' lang='lat' dir='ltr'>et</span> <span class='ocrx_word' id='word_1_361' title='bbox 706 4141 914 4219; x_wconf 80' lang='lat' dir='ltr'>significantior</span> <span class='ocrx_word' id='word_1_362' title='bbox 927 4139 1042 4202; x_wconf 85' lang='lat' dir='ltr'>videtur</span> <span class='ocrx_word' id='word_1_363' title='bbox 1055 4141 1205 4208; x_wconf 83' lang='lat' dir='ltr'>sententia.</span> <span class='ocrx_word' id='word_1_364' title='bbox 1224 4138 1313 4199; x_wconf 71' lang='lat' dir='ltr'>Porro</span> 
     </span>
     <span class='ocr_line' id='line_1_42' title="bbox 195 4219 1313 4300; baseline -0.009 -18"><span class='ocrx_word' id='word_1_365' title='bbox 195 4225 358 4284; x_wconf 84' lang='lat' dir='ltr'>Lambinus</span> <span class='ocrx_word' id='word_1_366' title='bbox 371 4223 443 4300; x_wconf 83' lang='lat' dir='ltr'>legit</span> <span class='ocrx_word' id='word_1_367' title='bbox 457 4236 483 4281; x_wconf 83' lang='lat' dir='ltr'>et</span> <span class='ocrx_word' id='word_1_368' title='bbox 497 4227 595 4280; x_wconf 79' lang='lat' dir='ltr'>exitus</span> <span class='ocrx_word' id='word_1_369' title='bbox 607 4225 676 4280; x_wconf 80' lang='lat' dir='ltr'>item</span> <span class='ocrx_word' id='word_1_370' title='bbox 690 4226 787 4293; x_wconf 67' lang='lat' dir='ltr'>striati,</span> <span class='ocrx_word' id='word_1_371' title='bbox 801 4235 859 4280; x_wconf 88' lang='lat' dir='ltr'>etc.</span> <span class='ocrx_word' id='word_1_372' title='bbox 870 4234 900 4279; x_wconf 89' lang='lat' dir='ltr'>et</span> <span class='ocrx_word' id='word_1_373' title='bbox 914 4219 981 4280; x_wconf 86' lang='lat' dir='ltr'>MS.</span> <span class='ocrx_word' id='word_1_374' title='bbox 991 4223 1072 4280; x_wconf 82' lang='lat' dir='ltr'>Hau.</span> <span class='ocrx_word' id='word_1_375' title='bbox 1089 4231 1112 4280; x_wconf 79' lang='lat' dir='ltr'>l.</span> <span class='ocrx_word' id='word_1_376' title='bbox 1125 4222 1205 4279; x_wconf 82' lang='lat' dir='ltr'>dele&#39;t</span> <span class='ocrx_word' id='word_1_377' title='bbox 1214 4233 1313 4278; x_wconf 82' lang='lat' dir='ltr'>tomen.</span> 
     </span>
     <span class='ocr_line' id='line_1_43' title="bbox 196 4297 1314 4378; baseline -0.005 -16"><span class='ocrx_word' id='word_1_378' title='bbox 196 4306 255 4364; x_wconf 82' lang='lat' dir='ltr'>Per</span> <span class='ocrx_word' id='word_1_379' title='bbox 268 4323 372 4364; x_wconf 82' lang='lat' dir='ltr'>vocem</span> <span class='ocrx_word' id='word_1_380' title='bbox 387 4311 475 4374; x_wconf 70' lang='lat' dir='ltr'>asueri</span> <span class='ocrx_word' id='word_1_381' title='bbox 489 4299 630 4378; x_wconf 84' lang='lat' dir='ltr'>intellige,</span> <span class='ocrx_word' id='word_1_382' title='bbox 649 4300 775 4370; x_wconf 84' lang='lat' dir='ltr'>obscuri,</span> <span class='ocrx_word' id='word_1_383' title='bbox 788 4303 830 4361; x_wconf 83' lang='lat' dir='ltr'>ita</span> <span class='ocrx_word' id='word_1_384' title='bbox 843 4313 876 4360; x_wconf 90' lang='lat' dir='ltr'>ut</span> <span class='ocrx_word' id='word_1_385' title='bbox 888 4300 984 4358; x_wconf 82' lang='lat' dir='ltr'>notari</span> <span class='ocrx_word' id='word_1_386' title='bbox 996 4319 1054 4360; x_wconf 89' lang='lat' dir='ltr'>non</span> <span class='ocrx_word' id='word_1_387' title='bbox 1067 4299 1178 4376; x_wconf 88' lang='lat' dir='ltr'>possint</span> <span class='ocrx_word' id='word_1_388' title='bbox 1190 4319 1199 4356; x_wconf 77' lang='lat' dir='ltr'>s</span> <span class='ocrx_word' id='word_1_389' title='bbox 1222 4300 1271 4358; x_wconf 86' lang='lat' dir='ltr'>Sic</span> <span class='ocrx_word' id='word_1_390' title='bbox 1284 4297 1314 4356; x_wconf 87' lang='lat' dir='ltr'>in</span> 
     </span>
     <span class='ocr_line' id='line_1_44' title="bbox 195 4378 1281 4454; baseline -0.002 -14"><span class='ocrx_word' id='word_1_391' title='bbox 195 4382 236 4440; x_wconf 85' lang='lat' dir='ltr'>iii.</span> <span class='ocrx_word' id='word_1_392' title='bbox 252 4388 296 4437; x_wconf 82' lang='grc'>36.</span> <span class='ocrx_word' id='word_1_393' title='bbox 339 4384 370 4442; x_wconf 81' lang='lat' dir='ltr'>Si</span> <span class='ocrx_word' id='word_1_394' title='bbox 384 4397 427 4444; x_wconf 81' lang='lat' dir='ltr'>eat</span> <span class='ocrx_word' id='word_1_395' title='bbox 445 4388 590 4454; x_wconf 76' lang='lat' dir='ltr'>aliquanto</span> <span class='ocrx_word' id='word_1_396' title='bbox 605 4381 800 4450; x_wconf 65' lang='lat' dir='ltr'>associasse.</span> <span class='ocrx_word' id='word_1_397' title='bbox 815 4378 979 4440; x_wconf 84' lang='lat' dir='ltr'>obscurius.</span> <span class='ocrx_word' id='word_1_398' title='bbox 1165 4399 1167 4404; x_wconf 84' lang='lat'><em>·</em></span> <span class='ocrx_word' id='word_1_399' title='bbox 1280 4411 1281 4414; x_wconf 34' lang='lat'>¹</span> 
     </span>
    </p>
   </div>
   <div class='ocr_carea' id='block_1_10' title="bbox 234 4457 1383 4544">
    <p class='ocr_par' dir='ltr' id='par_1_10' title="bbox 234 4457 1383 4544">
     <span class='ocr_line' id='line_1_45' title="bbox 234 4457 1383 4544; baseline -0.004 -26"><span class='ocrx_word' id='word_1_400' title='bbox 234 4467 253 4518; x_wconf 84' lang='lat'>7</span> <span class='ocrx_word' id='word_1_401' title='bbox 264 4464 317 4516; x_wconf 75' lang='lat' dir='ltr'>sed</span> <span class='ocrx_word' id='word_1_402' title='bbox 328 4476 501 4536; x_wconf 72' lang='lat' dir='ltr'>argumento</span> <span class='ocrx_word' id='word_1_403' title='bbox 511 4463 701 4524; x_wconf 79' lang='lat' dir='ltr'>resistendum</span> <span class='ocrx_word' id='word_1_404' title='bbox 710 4461 781 4544; x_wconf 66' lang='lat' dir='ltr'>eea]</span> <span class='ocrx_word' id='word_1_405' title='bbox 794 4463 930 4522; x_wconf 81' lang='lat' dir='ltr'>Fortasse</span> <span class='ocrx_word' id='word_1_406' title='bbox 940 4457 1110 4539; x_wconf 82' lang='lat' dir='ltr'>legendum,</span> <span class='ocrx_word' id='word_1_407' title='bbox 1124 4471 1152 4515; x_wconf 84' lang='lat' dir='ltr'>et</span> <span class='ocrx_word' id='word_1_408' title='bbox 1161 4474 1310 4532; x_wconf 82' lang='lat' dir='ltr'>urgumco·</span> <span class='ocrx_word' id='word_1_409' title='bbox 1382 4483 1383 4486; x_wconf 36' lang='lat'>¹</span> 
     </span>
    </p>
   </div>
   <div class='ocr_carea' id='block_1_11' title="bbox 195 4553 374 4616">
    <p class='ocr_par' dir='ltr' id='par_1_11' title="bbox 195 4553 374 4616">
     <span class='ocr_line' id='line_1_46' title="bbox 195 4553 374 4616; baseline 0.017 -19"><span class='ocrx_word' id='word_1_410' title='bbox 195 4553 234 4614; x_wconf 83' lang='lat' dir='ltr'>to,</span> <span class='ocrx_word' id='word_1_411' title='bbox 249 4553 305 4600; x_wconf 84' lang='lat' dir='ltr'>etc.</span> <span class='ocrx_word' id='word_1_412' title='bbox 370 4609 374 4616; x_wconf 20' lang='grc' dir='ltr'><strong>Δ</strong></span> 
     </span>
    </p>
   </div>
   <div class='ocr_carea' id='block_1_12' title="bbox 0 0 1408 5020">
    <p class='ocr_par' dir='ltr' id='par_1_12' title="bbox 0 0 1408 5020">
     <span class='ocr_line' id='line_1_47' title="bbox 0 0 1408 5020; baseline 0 4"><span class='ocrx_word' id='word_1_413' title='bbox 0 0 1408 5020; x_wconf 95' lang='lat' dir='ltr'> </span> 
     </span>
    </p>
   </div>
  </div>
 </body>
</html>
