2808 5020
222 407 273 458 ru
646 395 705 489 nra
725 392 930 494 onaroru:

226 583 231 590 ·
271 543 399 616 XLIX.
424 541 538 626 Quod
566 542 622 614 ubi
644 541 737 615 sensi
766 565 823 616 me
851 541 888 614 in
916 539 1134 640 possessione
1155 537 1275 637 judicii
1296 560 1335 612 ac

224 641 434 716 defensionis
446 663 535 713 mere
553 641 759 724 constitisse,
772 637 870 735 quod
878 650 918 712 et
930 640 1046 737 populi
1063 637 1336 713 benevolentiam

223 738 307 812 mihi
324 738 552 820 conciliaram,
576 738 674 834 cujus
691 738 747 832 jus
763 738 961 810 etiamnum
985 735 1164 810 seditionis
1178 737 1340 834 conjunc·

225 838 321 913 tione
333 837 572 915 defenderam,
590 845 625 908 ct
638 834 795 932 judicum
811 834 944 906 animos
961 843 1057 906 totos
1077 837 1132 907 vel
1149 834 1339 912 calamitate

225 935 382 1018 civitatis,
411 935 464 1009 vel
490 936 589 1008 luctu
609 959 649 1007 ac
665 925 837 1004 desiderio
861 932 1146 1030 propinquorum,
1177 932 1246 1004 vel
1262 929 1339 1002 odio

226 1033 367 1128 proprio
384 1034 422 1105 in
437 1031 648 1128 Caepionem
670 1032 713 1103 ad
734 1053 890 1104 caussam
906 1041 1059 1102 nostram
1072 1039 1341 1108 converterem

225 1139 314 1202 tuuc
326 1129 513 1202 admiscere
521 1128 603 1200 huic
614 1127 734 1225 generi
745 1128 910 1201 orationis
920 1127 1119 1201 vehementi
1129 1127 1223 1223 atqui
1234 1121 1342 1199 atroci

226 1247 338 1324 genus
362 1226 447 1298 illud
464 1226 622 1307 alterum,
646 1226 782 1319 dequo
804 1237 888 1296 ante
917 1225 1098 1323 disputavi,
1126 1224 1282 1298 lenitatis
1312 1230 1343 1292 et

226 1321 501 1398 mansuetudinis
518 1323 634 1417 clepi3
656 1321 719 1392 Me
735 1345 799 1418 pro
810 1345 891 1394 meo
901 1322 1018 1402 sodali,
1035 1323 1096 1418 qui
1107 1323 1195 1395 mihi
1211 1324 1249 1394 in
1265 1321 1344 1393 libe

225 1421 306 1496 rdrn
322 1422 400 1493 loco
416 1431 526 1492 more·
543 1418 708 1514 majorum
724 1443 799 1492 esse
817 1419 976 1498 deberet,
996 1427 1033 1491 et
1062 1443 1121 1516 pro
1149 1445 1227 1491 mea
1251 1415 1345 1508 omni

226 1521 316 1593 fama
336 1541 441 1615 prope
452 1515 673 1614 fortunisque
689 1516 876 1590 decernere
881 1542 892 1600 ;
924 1515 1010 1588 nihil
1023 1517 1105 1591 mihi
1116 1517 1159 1588 ad
1175 1517 1347 1589 existima·

228 1617 361 1688 tionem
383 1615 527 1712 turpius,
550 1613 637 1688 nihil
653 1614 696 1686 ad
711 1614 865 1687 dolorem
887 1613 1040 1688 acerbius
1055 1614 1208 1689 accidere
1231 1637 1347 1711 posse,

225 1713 376 1810 quamsi
389 1711 1346 1812 isquisaepealienissimisdmenedmeistamencivibus,

228 1809 1260 1892 salutiexistimarerluisse‚sodalimeo⁸auxiliumierrenon
1271 1830 1345 1902 pos·

216 1927 314 1982 sem.
340 1905 1340 2002 Petebamajudicibusmtilludaetatimeoe,uthonoribus,

228 2015 270 2077 ut
280 2009 383 2077 rebus
399 2006 517 2099 gestis,
531 2007 558 2076 si
565 2006 674 2099 justo,
684 2005 711 2075 si
722 2005 780 2100 pio
791 2005 977 2076 doloreme
990 2028 1066 2077 esse
1077 2005 1244 2077 affectum
1257 2002 1342 2074 vide·
1386 2031 1387 2042 ¹

229 2111 321 2183 rent,
337 2101 590 2182 concederent,
615 2100 811 2198 praesertim
828 2101 855 2172 si
872 2101 909 2174 in
925 2102 998 2174 aliis
1013 2101 1151 2175 caussis
1162 2099 1343 2174 intellexis

230 2208 325 2281 sent,
349 2199 467 2272 omnia
482 2223 539 2272 me
556 2223 691 2297 semper
708 2223 770 2296 pro
784 2199 977 2272 amicorum
993 2199 1165 2297 periculis,
1179 2199 1268 2273 nihil
1278 2223 1343 2273 urn-

230 2321 338 2396 quam
354 2323 418 2396 pro
434 2321 490 2370 me
506 2297 584 2394 ipso
599 2298 836 2394 deprecatum.
886 2297 997 2372 Sicin
1014 2298 1073 2370 illa
1087 2298 1181 2370 omni
1193 2295 1343 2370 defensi·

224 2422 298 2469 one
313 2405 419 2491 atque
436 2418 570 2476 caussa,
587 2393 682 2489 quod
698 2417 773 2466 csse
787 2395 824 2466 in
840 2403 915 2466 arte
927 2395 1078 2491 positum
1104 2396 1292 2476 videbatur,
1307 2402 1342 2466 ut

230 2493 276 2563 de
292 2492 371 2586 lege
387 2489 534 2585 Apuleia
550 2491 710 2568 dicerem,
735 2499 786 2571 ut,
809 2491 895 2588 quid
914 2503 1004 2565 esset
1020 2493 1177 2567 minuere
1194 2497 1343 2594 majesta·

224 2596 315 2668 tem,
331 2586 548 2684 explicarem,
574 2611 739 2688 prerquanr
754 2589 904 2662 breviter
919 2589 1105 2688 perstrinxi
1122 2601 1227 2690 atque
1239 2589 1342 2685 attigi.

224 2682 303 2758 His
320 2684 453 2758 duabus
467 2683 624 2781 partibus
640 2685 816 2772 orationis,
840 2711 988 2783 quarum
1013 2691 1121 2763 altera
1143 2690 1341 2766 concitatio

224 2807 314 2856 nem
331 2782 444 2866 habet,
460 2784 566 2855 altera
582 2785 929 2870 commendationem,
947 2811 1029 2883 quse
1042 2789 1183 2861 minime
1196 2810 1341 2884 praecep·

226 2881 285 2955 tis
292 2879 418 2954 artium
430 2890 517 2954 sunt
534 2881 723 2979 perpolitae,
739 2883 852 2984 orpnis
865 2894 922 2958 est
938 2887 958 2953 a
974 2909 1030 2956 me
1046 2883 1103 2956 illa
1119 2909 1247 2966 caussa
1260 2897 1342 2958 trac·

229 2989 314 3060 tata,
332 2987 425 3054 utet
440 2979 629 3053 acerrimus
644 2980 682 3052 in
698 2980 877 3078 Caepionis
893 2979 1018 3052 invidia
1032 2983 1238 3063 renovanda,
1256 2993 1292 3054 et
1309 2983 1342 3053 in

230 3075 317 3150 meis
333 3078 485 3152 moribus
495 3101 576 3175 erga
586 3101 685 3151 meos
696 3078 908 3164 necessarios
918 3078 1134 3152 declarandis
1144 3080 1341 3154 mansuetis·

206 3209 209 3216 ·
226 3177 339 3247 simus
354 3175 496 3248 viderer.
546 3176 613 3258 lta,
638 3176 747 3274 magis
762 3176 893 3250 allectis
909 3176 1032 3250 animis
1043 3177 1214 3272 judicum,
1240 3181 1340 3277 quam

231 3271 356 3353 doctis,
372 3282 442 3352 tua,
458 3274 595 3372 Sulpiti,
611 3285 667 3348 est
679 3278 700 3346 d
711 3274 811 3348 nobis
825 3286 901 3349 tum
910 3276 1085 3349 accusatio
1099 3277 1200 3350 victa.
1234 3323 1237 3330 ·

94 3368 171 3448 ,aa
226 3395 232 3436 :¹
279 3372 323 3444 L.
334 3368 413 3444 Hic
425 3371 602 3468 Sulpitius,
619 3373 720 3445 Vere
733 3373 1017 3473 herculainquit,
1026 3375 1173 3459 Antoni,
1183 3377 1248 3460 ista
1260 3399 1339 3450 com·

231 3491 422 3540 memoras:
448 3493 528 3540 nam
543 3493 609 3565 ego
626 3469 711 3542 nihil
728 3495 893 3568 umquam
906 3474 986 3556 vidi,
1001 3475 1096 3572 quod
1114 3483 1184 3548 tam
1206 3476 1227 3548 ὲ
1246 3473 1338 3549 mani·

230 3567 294 3636 bus
305 3567 504 3645 elaberetur,
521 3569 629 3661 quam
639 3567 723 3639 milri
736 3578 811 3641 turn
823 3581 876 3642 est
887 3570 1062 3670 elapsailla
1074 3597 1204 3650 caussa.-
1253 3573 1337 3646 Crlnr

230 3663 336 3743 enim,
359 3663 656 3759 quemadmodum
676 3665 802 3748 dixisti,
827 3669 887 3741 tibi
903 3693 970 3766 ego
986 3695 1059 3742 non
1080 3671 1261 3767 judicium,
1285 3667 1337 3742 sed

230 3756 432 3834 incendium
455 3762 681 3844 tradidissem,
708 3765 803 3916 (pund
833 3773 936 3846 tuum
965 3769 1186 3867 principium,
1212 3771 1259 3844 dii
1284 3769 1336 3840 im·

223 3855 402 3967 mortales,
418 3857 511 3930 fuit?
536 3860 595 3957 qui
613 3861 732 3934 timor.
755 3887 836 3960 quae
848 3864 1040 3939 dubitatio?
1065 3881 1197 3964 quanta
1208 3867 1337 3952 haesita·

198 3997 200 4002 ·
229 3962 279 4026 tro
297 3963 500 4052 tractusque
514 3959 723 4032 verborum?
747 3963 802 4033 Ut
818 3962 907 4035 illud
923 3963 1036 4046 initio,
1054 3967 1149 4063 quod
1164 3968 1223 4048 tibi
1237 3985 1336 4040 unum

229 4053 274 4125 ad
289 4052 543 4152 ignoscendum
555 4057 712 4134 homines
726 4061 871 4143 dabant,
888 4062 1046 4145 tenuisti,
1062 4066 1120 4138 Te
1135 4090 1199 4164 pro
1207 4062 1336 4139 homine

229 4243 384 4291 renovatur
398 4232 434 4288 ad
448 4251 490 4303 ea,
504 4252 565 4304 qua
586 4248 711 4308 restant,
724 4252 776 4295 cut
798 4251 853 4298 etc.
873 4241 959 4298 Idem
982 4241 1066 4316 plane
1089 4243 1228 4320 loquendi
1241 4252 1335 4317 genua

228 4311 306 4384 quod
320 4309 370 4368 hic
383 4313 539 4383 habemus,
552 4318 661 4372 animoa
669 4323 792 4388 equitem
806 4320 842 4376 ad
858 4321 892 4395 Q.
909 4323 1045 4397 Celsioris
1060 4326 1151 4382 odium
1162 4323 1334 4383 renovabam·

229 4385 307 4444 Vide
318 4389 409 4447 ctiam
423 4410 487 4465 cap.
502 4413 638 4471 sequens.
1010 4418 1013 4425 ’

250 4523 256 4538 ,
269 4471 532 4558 §wflt'umserre
543 4493 599 4532 aon
608 4473 748 4556 porsena]
766 4481 811 4536 Ira
824 4479 985 4538 Lambinus
992 4482 1153 4555 legendum
1165 4443 1230 4544 esse
1242 4435 1334 4543 votuit,

227 4555 309 4608 stlta
322 4548 475 4610 sdrderrrnt
486 4553 523 4610 R.
538 4555 616 4614 erc.
630 4554 732 4630 Steph.
772 4559 875 4636 Vulgo
886 4566 1056 4630 potuissem.
