2830 5014
247 369 302 424 21⁸
670 367 731 429 DE
750 367 953 464 omum-2

294 511 358 584 XI·
383 509 516 608 Atque,
529 519 571 585 ut
584 513 712 590 Latine
738 515 934 613 loquamur,
950 533 1023 586 non
1038 509 1151 584 solum
1169 507 1353 584 videndum

246 615 307 686 eet,
322 618 365 681 ut
376 619 412 682 et
428 611 528 682 verbu
543 611 725 688 efferamus
741 638 792 695 ea,
809 635 892 708 quae
904 637 1007 684 nemo
1012 611 1091 708 jure
1107 608 1355 706 reprehendat;

244 715 282 778 et
295 729 336 778 ea
348 707 446 780 sicet
461 710 595 784 casibus
607 723 644 784 et
662 711 871 808 temporibus
882 719 919 782 et
931 733 1059 806 genere
1071 716 1107 778 et
1116 731 1263 780 numero
1276 731 1353 780 cou-

243 826 431 889 servemus,
448 815 488 880 ut
505 833 552 882 ne
568 810 651 904 quid
668 809 906 907 perturbatum
921 832 961 878 ac
977 806 1188 900 discrepans,
1201 817 1262 877 aut
1272 826 1355 900 prm

244 913 423 999 posterum
439 905 510 989 sit3
534 907 596 978 sed
613 909 710 980 etiarn
728 906 847 1002 lingua
868 914 905 978 et
933 903 1071 1002 spiritus
1087 912 1124 976 et
1139 902 1234 975 vocis
1251 923 1356 974 sonus

242 1009 297 1070 est
314 999 386 1098 ipse
402 1004 642 1079 moderandus.
690 1004 783 1078 Nolo
799 1002 941 1101 exprimi
959 1003 1072 1075 literas
1100 999 1259 1097 putidius
1277 999 1357 1072 nolo

241 1097 415 1172 obscurari
447 1103 710 1198 negligentius:
757 1102 841 1176 nolo
873 1103 972 1174 verba
1003 1097 1138 1172 exiliter
1165 1095 1358 1168 exanimata

241 1192 346 1277 exire,
364 1197 448 1268 nolo
465 1199 583 1270 inflata
597 1210 634 1270 et
649 1200 748 1296 quasi
764 1200 923 1272 anhelata
938 1195 1091 1296 gravius:
1117 1220 1197 1270 uam
1214 1195 1257 1266 de
1271 1219 1359 1267 voce

240 1293 397 1366 nondum
413 1294 552 1376 eadico,
579 1307 767 1393 quaesunt
786 1297 946 1377 actionis,
969 1295 1029 1368 sed
1054 1293 1132 1372 hoo,
1156 1291 1252 1389 quod
1275 1291 1359 1364 mihi

241 1413 321 1462 cum
337 1415 494 1465 sermone
514 1393 610 1488 quasi
625 1393 853 1489 conjunctum
865 1392 1001 1465 videtur
1016 1417 1027 1473 ;
1062 1400 1145 1462 sunt
1157 1390 1251 1466 enim
1268 1397 1360 1463 certa
1387 1479 1388 1492 ἵ

241 1487 334 1570 vitis,
352 1512 434 1586 quoe
451 1513 558 1562 nemo
584 1503 647 1571 est,
663 1491 750 1586 quin
766 1490 915 1586 effugere
942 1488 1070 1585 cupiat,
1091 1487 1205 1580 mollis
1222 1513 1303 1568 vox,
1321 1498 1361 1560 ut

243 1587 429 1668 muliebris,
445 1597 504 1660 aut
526 1588 622 1684 quasi
647 1597 744 1660 extra
758 1588 901 1660 modum
914 1589 1040 1660 absona
1065 1597 1171 1682 atque
1199 1585 1361 1658 absurda.
1387 1611 1388 1676 3

240 1683 305 1755 Est
321 1695 437 1758 autem
461 1686 591 1768 vitium,
612 1687 706 1784 quod
725 1685 887 1758 nonnulli
903 1685 946 1758 de
973 1683 1141 1756 industria
1155 1689 1363 1754 consectari·
1387 1695 1388 1700 ’

239 1789 316 1855 tur:
341 1783 469 1858 rustica
485 1809 553 1858 vox
575 1794 613 1856 et
627 1783 773 1882 agrestis
793 1783 963 1880 quosdam
986 1781 1147 1860 delectat,
1160 1777 1233 1874 qul>
1249 1779 1361 1875 magis
1387 1829 1388 1840 κ

237 1879 490 1976 antiquitatem,
507 1884 536 1956 si
552 1883 597 1955 ita
613 1895 728 1963 sonet,
743 1905 863 1956 eorum
890 1903 1003 1953 sermo
1018 1877 1168 1950 retinere
1184 1874 1340 1986 videatur
1349 1904 1358 1962 3
1387 1949 1388 1970 2

239 1983 281 2046 ut
308 1986 398 2057 tuus,
424 1981 562 2060 Catule,
591 1981 717 2051 sodalis
745 1981 787 2052 L.
806 1980 912 2051 Cotta
938 1977 1089 2074 gaudere
1112 1972 1194 2046 mihi
1224 1973 1360 2048 vrdetur

235 2071 429 2168 ⁷gravitate
456 2076 588 2172 linguae
611 2099 770 2170 sonoque
796 2075 888 2147 vocis
913 2076 1063 2171 agresti;
1087 2085 1125 2146 et
1142 2071 1239 2152 illud,
1264 2072 1357 2168 quod

236 2159 558 2272 loquitur‚priscum
567 2175 680 2246 visum
690 2172 729 2245 iri
740 2172 882 2271 putat‚si
894 2172 994 2270 plane
1007 2171 1115 2244 fuerit
1127 2171 1353 2242 rusticanum.

238 2267 302 2342 Mc
315 2281 430 2345 autem
455 2283 537 2348 tuus
554 2297 663 2346 sonus
690 2285 726 2344 et
751 2272 898 2344 suavitas
927 2272 990 2342 ista
1012 2269 1187 2351 delectat,
1224 2269 1358 2350 omitto,

237 2369 441 2457 verborum;
467 2395 677 2466 quamquam
701 2380 755 2441 est
772 2379 898 2466 caput:
923 2367 1045 2441 verum
1073 2367 1109 2439 id
1137 2367 1236 2439 affert
1259 2366 1357 2449 ratio,

234 2463 366 2534 docent
383 2467 507 2545 literae,
521 2470 708 2538 confirmat
724 2463 943 2536 consuetudo
959 2477 994 2536 et
1010 2465 1149 2562 legendi
1165 2480 1200 2538 et
1215 2465 1357 2560 loquen-

233 2557 291 2630 di:
316 2560 380 2631 sed
393 2561 484 2634 hanc
501 2561 580 2634 dico
597 2562 810 2642 suavitatem,
825 2584 908 2657 quae
933 2562 1008 2634 exit
1026 2587 1071 2635 ex
1096 2587 1165 2646 ore,
1182 2585 1263 2660 quae
1277 2562 1356 2660 qui·

234 2653 327 2736 dem,
348 2667 389 2730 ut
404 2659 496 2756 apud
518 2657 667 2732 Graecos
684 2657 900 2744 Atticorum,
925 2660 974 2732 sic
998 2661 1035 2732 in
1050 2661 1181 2734 Latino
1195 2685 1357 2734 sermone

233 2754 335 2851 hujus
351 2767 406 2830 est
423 2757 515 2830 urbis
525 2756 674 2830 maxime
688 2757 834 2854 propria.
884 2756 1035 2832 Athenis
1044 2759 1112 2854 jam
1125 2759 1185 2831 diu
1197 2759 1357 2832 doctrina

232 2850 387 2950 ipsorum
400 2855 671 2928 Atheniensium
688 2855 837 2926 interiit:
863 2856 1073 2929 domicilium
1086 2855 1225 2928 tantum
1241 2857 1281 2929 in
1300 2857 1356 2930 illa
1387 2875 1388 2938 ζ

233 2953 317 3026 urbe
339 2964 498 3026 remanet
519 2951 728 3032 studiorum,
745 2953 902 3048 ⁸quibus
924 2964 1043 3026 vacant
1059 2952 1166 3032 cives,
1179 2955 1356 3050 peregrini
1387 2959 1388 2982 ¹

232 3049 411 3134 fruuntur,
428 3050 518 3148 capti
535 3050 792 3148 quodammodo
807 3051 949 3122 nomine
966 3050 1057 3121 urbis
1072 3059 1110 3122 et
1124 3050 1353 3126 auctoritate:
1387 3085 1388 3130 ξ

232 3156 353 3223 tamen
369 3149 619 3233 eruditissimos
636 3148 793 3221 homines
808 3147 980 3221 Asiaticos
996 3147 1107 3244 quivis
1123 3145 1354 3222 Atheniensis

189 3315 191 3323 ,
232 3245 409 3328 indoctus,
422 3273 495 3320 non
508 3247 627 3327 verbis,
645 3246 706 3320 sed
718 3271 807 3318 sono
818 3247 925 3326 vocis,
943 3254 1009 3318 nec
1033 3257 1103 3318 tarn
1117 3245 1218 3324 bene,
1243 3252 1353 3343 quarn
1387 3243 1388 3330 l

230 3343 380 3417 suaviter
395 3344 686 3441 loquendofacile
705 3344 891 3440 superabit.
943 3343 1065 3416 Nostri
1078 3343 1196 3416 minias
1209 3346 1353 3418 student
1387 3343 1388 3364 *

230 3439 350 3524 literis,
365 3445 473 3538 quarn
502 3440 644 3513 Latini:
669 3448 787 3512 tamen
812 3467 855 3514 ex
881 3441 965 3523 istis,
990 3465 1080 3540 quos
1107 3440 1231 3521 nostis,
1254 3445 1354 3519 urba·

232 3539 300 3621 nis,
328 3540 509 3635 inquibus
536 3537 719 3610 minimum
745 3550 797 3611 est
829 3539 1017 3622 literarum,
1043 3565 1148 3612 nemo
1172 3549 1238 3621 est,
1264 3543 1353 3635 quin

230 3633 499 3714 literatissimum
527 3636 543 3686 ⁹
567 3644 763 3734 togatorum
785 3637 952 3718 omnium,
979 3639 1028 3722 Q.
1052 3635 1236 3742 Valeriano
1257 3637 1353 3710 Sora·

251 3851 252 3856 =
271 3818 291 3877 1
302 3814 576 3896 grauitatelinguae]
589 3814 650 3874 Hic
660 3820 796 3888 grauitas
810 3821 913 3888 lingue
928 3815 960 3874 in
974 3814 1064 3885 vitiis,
1078 3825 1112 3874 ut
1120 3820 1274 3874 verborum
1280 3833 1350 3888 gra·

230 3898 308 3952 vitos
322 3891 390 3950 alibi
402 3891 432 3950 in
446 3894 600 3954 virtutibus
620 3894 744 3963 dicendi,
756 3910 946 3956 memoratur.
987 3893 1137 3955 Videntur
1153 3895 1223 3954 vero
1241 3898 1286 3954 hae
1303 3914 1352 3953 vo-

230 3993 282 4034 ces
297 3969 461 4046 significare
484 3978 595 4034 tardam
617 3977 729 4051 linguae
754 3977 952 4050 asperitatem,
967 3985 999 4032 ut
1013 3993 1063 4032 eas
1082 3972 1292 4051 interpretatus
1306 3985 1352 4030 est

233 4055 403 4120 Strebaeus3
423 4063 454 4110 et
468 4054 576 4128 opponi
588 4059 690 4128 lingue
703 4059 837 4113 solutioni
850 4053 881 4129 (i.
897 4054 968 4132 Ἀ),
982 4071 1037 4128 per
1051 4074 1139 4129 quam
1150 4053 1230 4110 idem
1245 4052 1351 4112 intelli·

232 4133 285 4210 git,
301 4133 410 4205 linguae
421 4131 606 4206 ,expeditum
621 4147 651 4194 et
665 4133 789 4192 liberum
800 4133 976 4203 articulum
997 4133 1129 4210 itemque
1139 4135 1288 4189 mobilitati
1297 4135 1352 4186 lin-

228 4231 303 4285 gue,
316 4214 353 4270 de
367 4230 424 4288 qua
436 4211 502 4269 vide
516 4211 535 4267 i;
552 4219 598 4270 28.
641 4216 719 4272 Scno
738 4214 859 4289 quidem
874 4211 954 4270 vocis
969 4217 1077 4271 rustico
1093 4224 1123 4270 et
1137 4217 1291 4284 agrestior
1306 4231 1352 4265 aa·

226 4301 302 4362 pero
317 4293 355 4368 (c.
376 4292 432 4370 12.)
446 4306 579 4361 utuntur,
594 4291 756 4352 secundum
771 4293 957 4363 Ciceronem,
971 4291 1022 4370 qui
1039 4295 1146 4350 habent
1158 4294 1233 4348 hanc
1247 4294 1350 4362 lingua

225 4379 413 4442 pravz'tatcm.
1055 4374 1057 4382 ’
1134 4407 1135 4410 =

271 4455 287 4503 8
302 4453 401 4519 quihus
416 4461 525 4508 vacant
547 4449 651 4533 cisen]
674 4449 694 4510 i.
709 4471 736 4512 e·
751 4449 859 4530 quibus
872 4463 982 4524 carent,
1004 4447 1065 4512 sive
1080 4448 1190 4526 quibus
1210 4447 1255 4510 illi
1269 4446 1351 4510 cives

230 4544 352 4602 operam
364 4543 425 4588 non
438 4530 514 4592 daut.
