2830 5014
241 369 298 426 sn
669 367 728 428 DE
746 355 953 430 ORATOllE

251 509 444 612 philosophi
458 521 520 588 aut
535 509 734 592 redemtor
753 505 999 602 nominantur}
1022 509 1104 586 olim
1119 507 1248 594 autem,
1262 531 1348 610 prop

251 622 306 684 ter
320 611 481 686 eximiam
492 637 609 688 renam
619 615 840 690 maximarum
851 610 1063 688 scientiaml
1079 607 1217 682 Grecis
1231 608 1349 706 politici

251 707 442 807 philosophi
467 713 639 810 appellati,
665 714 902 788 universarum
926 735 1043 784 rerum
1067 708 1281 805 publicarum
1302 731 1349 780 no

249 807 343 880 mine
360 809 598 902 vocabantur),
618 836 758 884 omnem
775 811 908 886 civilem
925 809 1117 882 orationem
1132 806 1171 878 in
1187 805 1351 878 borumal·

250 913 388 979 terutro
410 933 539 1005 genere
563 912 699 991 versari,
723 909 814 982 ⁶aut
839 907 986 982 delinita
1009 902 1353 982 controversemur

250 1005 465 1102 temporibus
485 1007 623 1089 aereis,
642 1011 708 1082 hoc
723 1007 838 1091 modo,
865 1008 1055 1082 Placeatne
1071 1004 1092 1074 ὲ
1108 1001 1356 1099 Carthaginien

248 1099 342 1174 sibus
353 1104 505 1200 captivos
517 1114 667 1189 nostros,
679 1106 823 1178 redditis
833 1107 918 1188 suis,
930 1100 1141 1202 recuperari;
1155 1109 1217 1174 aul
1227 1097 1354 1174 infinite

248 1200 294 1272 de
318 1201 484 1272 uniuerso
503 1225 631 1296 genere
652 1204 858 1296 quaerentis,
885 1203 987 1284 Quid
1008 1199 1216 1275 omninode
1237 1197 1357 1296 captiuo

249 1297 480 1370 statuendum
495 1323 535 1370 ac
547 1297 777 1370 sentiendum
786 1300 839 1370 sit.
888 1300 1011 1394 Atque
1023 1301 1148 1372 borum
1161 1296 1318 1396 superius
1333 1294 1359 1366 il-

251 1395 441 1494 ludgerius
464 1419 624 1469 caussam
640 1406 703 1468 ant
722 1395 988 1468 controversiam
1009 1393 1200 1492 appellant,
1222 1415 1361 1489 euinque

250 1493 374 1576 tribus,
387 1493 451 1566 lite
463 1501 524 1566 aut
536 1491 782 1564 deliberatione
790 1503 853 1566 aut
863 1489 1070 1574 laudatione,
1080 1490 1272 1566 definiunt:
1292 1493 1364 1564 nac

251 1601 370 1665 autem
381 1591 490 1663 alters
502 1591 667 1688 quaestio,
683 1591 818 1664 infinita
829 1603 868 1664 et
881 1591 978 1688 quasi
991 1587 1176 1686 proposita,
1201 1592 1366 1663 consulta·

253 1689 304 1763 tio
319 1688 538 1764 nominatur:
562 1697 666 1786 atque
679 1689 852 1762 hactenus
865 1689 1065 1785 loquuntur.
1093 1687 1234 1760 ⁷Etiam
1247 1687 1313 1760 hac
1326 1686 1367 1758 iu

253 1787 439 1860 stituendo
455 1787 626 1862 divisione
636 1797 796 1868 utuntur,
820 1787 881 1860 sed
897 1789 958 1868 ita,
974 1811 1046 1858 non
1063 1797 1105 1858 ut
1118 1787 1196 1880 jure
1211 1795 1274 1856 aut
1286 1784 1366 1882 judi-

253 1885 321 1968 cio,
346 1885 421 1958 8ιιῒ
437 1886 594 1984 denique
614 1909 817 1984 recuperare
841 1884 1000 1957 amissam
1020 1881 1291 1980 possessionem,
1317 1881 1365 1956 sed

253 1991 294 2052 ut
311 2005 356 2052 ex
363 1982 441 2074 jure
455 1983 555 2064 civili,
574 1984 745 2056 ⁹surculo
754 1983 998 2078 defringendo,
1014 2002 1178 2078 usurpare
1188 1977 1366 2053 videantur.

254 2079 347 2152 Nam
361 2078 454 2151 illud
468 2081 615 2154 alterum
630 2103 756 2176 genua,
772 2081 872 2176 quod·
884 2095 940 2153 est
953 2081 1180 2176 temporibus,
1197 2077 1292 2161 locis,
1310 2077 1366 2150 reis

254 2277 357 2335 tatere
370 2277 445 2337 soliti
459 2275 476 2334 ὲ
490 2274 549 2336 1οοί
561 2277 700 2336 vocaturo
714 2289 815 2334 nomen
828 2275 1001 2332 moueant.
1041 2273 1132 2336 Unde
1146 2271 1245 2338 visura
1255 2285 1304 2336 est
1313 2272 1366 2334 cui·

254 2353 1366 2429 darndoctoCiccronernscripsisse,quiextrcrriculattrarud-arbismelcomus

255 2436 367 2500 habent,
380 2433 476 2490 deleta
490 2435 595 2505 copula
603 2454 660 2496 ac,·
680 2447 713 2490 ut
722 2433 760 2490 sit
773 2435 844 2488 ordo
858 2433 1027 2498 verborum,
1040 2435 1146 2488 halent
1164 2452 1265 2492 nornen
1278 2435 1325 2492 loci
1334 2453 1365 2492 ec

248 2509 406 2579 particula,
421 2520 477 2565 etc.
518 2508 681 2566 Academia
695 2508 786 2584 (quod
798 2519 828 2567 et
840 2509 877 2566 de
892 2509 992 2582 Lyceo
1003 2507 1269 2583 Peripateticorum
1282 2511 1366 2572 dicen·

255 2589 327 2646 dum
338 2583 398 2666 est)
408 2595 471 2643 erat
477 2588 626 2654 porticula
635 2595 733 2656 paroc
744 2588 833 2655 urhis,
844 2603 904 2644 non
915 2585 988 2644 verb
997 2591 1072 2647 loci:
1092 2588 1158 2648 imb
1172 2593 1272 2653 Ιοιίιιιι
1280 2592 1366 2670 ipsun

254 2676 354 2726 neunt
367 2667 456 2724 verba
464 2668 613 2736 perticata
627 2675 724 2736 nerva
738 2666 827 2724 erbis.

297 2769 381 2820 fiant
406 2757 528 2830 definiti
540 2756 756 2838 controversati]
783 2755 977 2836 subintellige
1005 2774 1046 2818 ex
1066 2760 1259 2838 sequentibus
1275 2782 1368 2824 vocem

257 2841 432 2912 querentis:
450 2838 530 2914 quod
546 2835 572 2894 si
597 2835 695 2905 iacias,
708 2855 767 2896 non
780 2854 856 2911 opus
869 2834 935 2912 erit,
960 2850 993 2896 ut
1006 2835 1056 2894 hic
1068 2840 1148 2911 legas
1161 2859 1233 2900 cam
1247 2855 1368 2920 excerpt.

257 2919 343 2982 MSti
356 2921 432 2978 Nor.
447 2929 498 2974 aar
508 2919 634 2988 definite
656 2920 868 2984 controversie,
881 2928 931 2976 aut
954 2933 1024 2974 cum
1033 2913 1176 2976 Lambino
1188 2923 1291 2994 paullo
1307 2933 1369 3000 post,

258 3013 308 3068 aut
321 3001 438 3069 infinita
451 2999 486 3052 de
498 2999 637 3052 universo
650 3013 756 3068 genere
769 2995 927 3066 questione.

297 3093 316 3148 7
331 3089 431 3146 Erzbm
441 3092 496 3144 hoc
509 3081 712 3164 instituenda]
733 3086 937 3143 Hotomannus
950 3081 1118 3162 conjectari
1130 3081 1213 3160 legit,
1236 3088 1367 3149 Rhetores

258 3173 346 3229 etiam
360 3172 410 3226 hoc
424 3167 599 3224 institueras
612 3167 905 3223 divisone-urentur.
945 3163 995 3222 Ex
1017 3161 1115 3238 priore
1131 3165 1255 3240 quidem
1283 3171 1367 3246 capito

262 3255 288 3306 a
301 3267 341 3305 ex
356 3265 382 3303 c.
399 3253 445 3303 31.
459 3243 603 3304 discimus
628 3244 820 3322 philosophos
845 3245 997 3302 rhetorum
1022 3241 1203 3318 provinciam
1218 3245 1367 3312 muasisser

259 3325 311 3404 qui
324 3324 415 3400 igitur
427 3329 587 3382 conserant
596 3331 805 3394 possessionem
819 3323 866 3398 (ut
878 3322 949 3382 dicit
961 3322 1084 3402 Noster)
1110 3322 1220 3402 quique
1233 3345 1302 3388 eanr
1316 3349 1366 3388 aar·

258 3411 323 3466 culo
338 3407 530 3476 defringendo
544 3413 694 3474 usurpare
706 3408 873 3473 videantur,
888 3416 954 3462 sunt
972 3405 1114 3472 rhetores,
1127 3420 1185 3462 non
1207 3405 1366 3484 Peripateti·

259 3487 290 3546 ci
303 3497 355 3545 aut
368 3479 551 3552 Academici,
564 3483 601 3539 de
614 3483 720 3557 quibus
733 3483 764 3540 in
787 3479 1021 3559 praecedentibus
1040 3485 1157 3541 locutus
1180 3497 1226 3565 est
1248 3489 1366 3547 Noster:

259 3565 331 3633 Sed,
346 3564 372 3622 si
387 3581 446 3622 non
456 3581 526 3620 cum
543 3561 729 3622 Hotomanus
742 3563 878 3639 legamus
892 3561 1042 3630 liberares,
1061 3578 1184 3620 necesse
1198 3563 1265 3638 erit,
1279 3581 1313 3628 ut
1324 3585 1365 3644 per

259 3645 384 3702 verbum
407 3645 583 3703 instituendo
604 3639 816 3718 intelligamus,
839 3645 861 3699 a·
884 3645 934 3712 qai
955 3643 1122 3710 instituant,
1150 3641 1168 3698 i.
1193 3661 1222 3700 e.
1249 3649 1364 3706 rhetores

260 3721 374 3798 Graeci,
387 3722 439 3798 qui
451 3735 605 3799 praccepta
614 3721 795 3788 tradiderunt
811 3718 1053 3788 adolescentibus,
1067 3721 1145 3798 quod
1159 3719 1215 3782 fuit
1228 3727 1363 3786 rhetorum

259 3797 401 3864 officium,
416 3819 473 3862 non
484 3801 747 3880 philosophorum
765 3806 918 3864 rhetorum
925 3799 1007 3861 enim
1015 3810 1060 3871 est
1066 3802 1270 3880 instituere-,ut
1281 3805 1362 3866 videre

260 3876 400 3942 estium
415 3885 443 3949 9,
457 3890 489 3938 et
502 3880 578 3944 alibi.

302 3982 319 4032 8
333 3985 367 4030 ut
381 3976 526 4058 denique]
544 3976 705 4038 Lambinus
715 3996 755 4038 ex
764 3974 932 4056 conjectus
944 3975 1021 4056 legit
1032 3993 1084 4038 aut
1093 3981 1126 4039 vi
1134 3983 1257 4054 denique
1271 4003 1283 4042 .·
1296 3977 1363 4060 ‘quoti

261 4074 318 4136 cur
326 4053 461 4125 *Grutero
473 4055 665 4132 displicuerit,
679 4075 735 4117 nec
747 4058 811 4136 ipse
825 4056 909 4126 dixit,
923 4074 978 4116 nec
992 4055 1067 4118 mibi
1080 4059 1112 4119 ln
1123 4072 1260 4122 ,mentm
1273 4060 1349 4124 venit

286 4176 288 4181 ·
302 4139 320 4207 s
335 4154 452 4209 surculo
463 4148 676 4232 effingenda]
703 4150 780 4210 Haec
799 4161 895 4209 sumta
909 4157 977 4207 sunt
990 4145 1007 4208 “a
1019 4147 1221 4224 litigauibusr
1250 4163 1362 4227 quonia

262 4227 315 4290 alii
323 4229 390 4310 jure
404 4240 434 4290 et
445 4226 557 4308 judicio
571 4231 783 4290 contendebant
796 4243 826 4290 et
846 4231 1056 4304 recuperabant
1068 4227 1207 4288 amissam
1216 4227 1362 4305 »possessio«

262 4325 333 4365 nem
349 4328 358 4378 ;
378 4307 427 4367 alil
441 4311 557 4387 glebam
572 4309 609 4365 de
622 4326 699 4378 arvo,
712 4313 759 4370 rel
774 4313 924 4368 samolum
934 4307 954 4366 i.
971 4329 999 4368 c.
1018 4327 1145 4376 ramum,
1158 4310 1195 4367 de
1209 4307 1317 4378 siluero,
1329 4302 1362 4364 rel

264 4383 345 4455 silva,
365 4390 410 4445 rel
424 4387 533 4448 oliveto
547 4387 725 4460 auferebant,
739 4403 771 4449 ut
781 4389 810 4448 in
824 4407 940 4448 eorem
954 4400 1045 4450 totam
1059 4407 1098 4446 ex
1111 4388 1178 4468 jure
1201 4387 1281 4446 civili
1295 4401 1362 4447 usur·

263 4464 535 4540 pareviderenturc
554 4465 605 4542 qul
627 4476 691 4524 mos
705 4469 822 4544 penitus
832 4469 971 4534 exolevit.
1014 4468 1172 4532 Strebaeus
1196 4467 1274 4529 Vide
1288 4465 1362 4532 etium

263 4541 577 4620 Turnebladrerssria,
591 4545 652 4606 xxi.
667 4553 711 4606 14.
884 4567 887 4573 ’
984 4569 996 4576 ··
1190 4589 1193 4596 .
1260 4553 1262 4558 ’
1332 4589 1335 4594 Α
