2830 5014
533 337 656 401 LIBER
678 337 735 401 111.
758 343 800 403 lu.
1176 341 1233 397 22³

107 483 225 580 ganda
239 479 428 556 duxeruut.
480 481 572 557 Nam
590 493 690 559 vetus
705 484 848 583 quidem
863 482 921 556 illa
938 482 1094 558 doctrina
1109 485 1231 562 eadem

105 583 246 656 videtur
258 591 295 654 et
311 581 412 654 reete
428 581 580 655 faciendi
596 593 633 656 et
648 585 735 656 bene
752 582 889 658 dicendi
907 583 1066 682 magistra
1080 612 1091 671 3
1115 607 1234 681 neque

108 677 276 777 disjuncti
288 678 460 760 doctores,
484 681 546 754 sed
556 680 659 754 iidem
672 692 773 756 erant
785 681 921 754 vivendi
938 691 1172 780 praeceptores
1183 692 1232 756 at·
1328 765 1330 769 ,

106 801 181 874 que
206 777 355 858 dicendi,
378 790 421 852 ut
445 777 503 850 ille
526 778 621 876 apud
645 777 844 852 Homerum
866 779 1030 863 Phoenix,
1060 779 1121 876 qui
1146 804 1184 852 se
1209 779 1232 850 ὲ
1288 795 1290 799 ’

109 875 223 948 Peleo
235 886 329 974 patre
338 875 468 950 Achilli
475 877 594 972 juveni
609 876 771 951 comitem
783 901 859 949 esse
875 877 994 952 datum
1010 879 1092 952 dicit
1104 877 1147 950 ud
1163 877 1232 952 bel-

110 973 196 1055 lum,
220 987 261 1048 ut
276 972 374 1048 illum
389 973 544 1048 efficeret
557 976 746 1048 ³0ratorem
762 976 937 1048 verborum
953 987 1163 1071 actoremque
1177 1002 1231 1049 re·

106 1095 195 1144 tum.
232 1073 315 1154 Sed,
325 1081 366 1144 ut
375 1071 532 1146 homines
544 1074 661 1147 labore
674 1073 813 1146 assiduo
824 1085 862 1146 et
873 1075 1082 1172 quotidiano
1092 1073 1231 1167 assueti,

37 1221 40 1234 .
106 1169 193 1242 clun
208 1171 558 1270 tempestatispcuussa
570 1195 673 1268 opere
686 1170 925 1268 probibentur,
942 1172 986 1244 ad
1003 1172 1106 1271 pilam·
1114 1193 1156 1245 se
1169 1180 1230 1244 aut

5 1297 31 1342 ,a
49 1293 68 1330 u
105 1251 256 1340 adiulos
273 1269 391 1342 autad
407 1261 758 1350 turuasaonterunu
783 1269 952 1342 autetiam
965 1295 1092 1343 novum
1104 1270 1167 1342 sibi
1182 1269 1231 1365 ip

107 1365 141 1436 si
165 1365 317 1460 aliquem
341 1369 538 1464 excogitant
562 1367 599 1440 in
625 1365 699 1439 otio
724 1365 867 1439 luduin:
893 1365 941 1441 sic
964 1368 1014 1440 illi
1037 1373 1058 1440 ai
1082 1367 1230 1464 negotiis

105 1463 266 1560 publicis,
291 1474 462 1562 tanquam
482 1468 527 1538 ab
542 1488 656 1562 opere,
680 1473 738 1536 aut
760 1466 972 1561 temporibus
996 1466 1140 1546 exclusi,
1165 1473 1228 1538 aut

106 1561 288 1635 voluntate
300 1587 362 1637 sua
376 1565 499 1646 feriati,
524 1573 618 1636 totos
630 1587 668 1634 se
679 1561 733 1634 alii
748 1562 792 1634 ad
808 1573 937 1659 poetas,
963 1562 1017 1636 alii
1035 1563 1078 1636 ad
1093 1570 1230 1660 geome-

4 1709 5 1724 ,
104 1667 185 1742 tras,
208 1661 264 1734 alii
277 1663 320 1735 ad
337 1663 489 1736 musicos
498 1662 748 1747 contulerunt;
771 1659 962 1741 autetiam,
988 1671 1030 1734 ut
1046 1659 1229 1744 dialectici,

4 1796 5 1800 =
100 1783 238 1841 ¹nuruum
252 1761 316 1832 sibi
329 1761 393 1857 ipsi
407 1761 562 1836 studium
572 1761 765 1854 ludumque
777 1769 1000 1855 pepererunt,
1016 1769 1121 1855 atque
1132 1759 1170 1834 in
1186 1760 1229 1834 iis

106 1854 254 1937 artibus,
270 1879 354 1954 quoe
366 1867 514 1955 repertae
524 1867 620 1938 sunt,
642 1867 682 1928 ut
693 1881 876 1952 puerorum
891 1865 1028 1930 mentes
1050 1857 1093 1930 ad
1109 1857 1228 1930 buma-

107 1953 256 2028 nitatem
268 1957 486 2054 fingerentur
496 1965 604 2054 atque
628 1953 805 2038 virtutem,
833 1975 937 2030 omne
961 1967 1097 2054 tempus
1120 1967 1229 2054 atque

103 2063 232 2127 etates
245 2079 325 2127 suas
341 2066 621 2131 consumserunt.
1067 2133 1071 2140 ,

154 2152 264 2226 XVI.
289 2153 369 2236 Sed,
395 2153 768 2252 qubderautquidaim
793 2154 888 2254 iique
903 2154 1015 2237 multi,
1041 2154 1100 2251 qui
1116 2154 1229 2232 autin

105 2247 298 2360 Republica
311 2263 448 2348 propter
457 2253 655 2350 ancipitem,
671 2276 754 2348 quae
765 2277 838 2326 non
848 2261 964 2350 potest
973 2275 1050 2325 esse
1060 2251 1240 2347 sejuncta·

102 2345 251 2423 faciendi
265 2349 477 2448 dicendique
489 2351 692 2450 sapientiem
704 2353 884 2431 florerent,
900 2361 942 2423 ut
955 2349 1228 2432 Themistocles,

101 2447 314 2528 utPericles,
340 2459 382 2542 ut¹
402 2449 665 2539 Theramenes3
690 2461 748 2524 aut
759 2450 819 2546 qui
835 2449 952 2524 minits
964 2448 1028 2546 ipsi
1041 2448 1078 2520 in
1094 2448 1228 2545 Repub

100 2541 171 2616 lica
185 2558 416 2629 versarentur,
440 2551 501 2622 sed
517 2548 623 2645 hujus
637 2558 755 2623 tamen
776 2549 935 2646 ejusdem
951 2547 1132 2646 supientiae
1149 2545 1228 2622 doc·

99 2648 200 2714 -tores
228 2654 363 2725 essent,
383 2655 425 2716 ut
456 2643 617 2741 Gorgias,
652 2647 947 2744 Thrasymachus,
983 2649 1152 2718 Isocrates
1178 2645 1228 2719 in·

103 2740 202 2813 venti
215 2751 301 2814 sunt
314 2742 385 2836 qui,
410 2742 490 2816 clun
505 2743 568 2840 ipsi
576 2744 734 2820 doctrina
743 2755 778 2819 et
794 2745 944 2840 ingeniis
958 2742 1188 2821 abundarent,
1205 2745 1227 2814 ai

101 2861 139 2908 re
150 2836 270 2912 'autern
288 2839 378 2914 civili
390 2850 427 2912 et
444 2843 465 2912 ai
483 2843 632 2938 negotiis
648 2844 755 2916 animi
768 2841 918 2939 quodam
927 2840 1059 2937 judicio
1070 2837 1227 2912 abhorre·

101 2947 194 3018 rent,
220 2938 310 3011 hanc
326 2937 469 3012 dicendi
486 2941 774 3016 exercitationem
790 2941 1006 3038 exagitarent
1022 2948 1129 3032 atque
1145 2961 1226 3010 con-
1280 2977 1287 2993 ·

100 3041 319 3108 temnerent:
346 3061 496 3133 quorum
508 3039 672 3138 princeps
685 3041 842 3114 Socrates
852 3039 931 3112 tuit.
981 3038 1018 3109 Is
1032 3033 1226 3131 (quiomni

101 3155 164 3202 um
181 3134 398 3208 eruditorum
407 3135 629 3218 testimonio,
644 3139 824 3236 totiusque
831 3137 962 3233 judicio
978 3134 1130 3206 Graeciae
1143 3157 1227 3208 cum

101 3229 291 3326 prudentia
305 3241 342 3304 et
354 3233 528 3315 acumine,
545 3249 582 3308 et
596 3247 782 3310 venustate
793 3245 830 3310 et
846 3232 1053 3312 subtilitate,
1080 3243 1156 3306 turn
1171 3257 1227 3307 ve·

100 3325 145 3397 rb
159 3325 368 3422 eloquentia,
383 3331 557 3415 varietate,
575 3335 686 3431 copia,
703 3359 807 3432 quarn
821 3357 856 3404 se
870 3355 1021 3425 cumque
1039 3331 1076 3402 in
1094 3340 1226 3426 partem

99 3422 271 3522 dedisset,
297 3429 451 3505 omniurn
492 3431 563 3503 fuit
587 3434 690 3506 facile
718 3433 906 3530 princeps),
930 3433 948 3479 4
971 3431 1024 3509 iis,
1049 3430 1116 3524 qui
1134 3429 1226 3514 boec,

140 3555 159 3608 3
173 3567 317 3610 oratorem
326 3559 479 3614 verborum
491 3551 567 3633 etc]
590 3555 723 3628 Respicit
736 3555 848 3615 Noster
861 3551 990 3612 Homeri
1009 3549 1092 3608 Iliad.
1103 3547 1145 3608 ix.
1157 3547 1226 3608 443.

219 3635 304 3691 Μόθων
317 3660 343 3692 τε
357 3637 430 3712 p‘nrtipi
443 3637 467 3691 τ’
484 3635 572 3710 ἴμεναι,
587 3633 714 3710 ωρηκΊη“ςοί
729 3661 754 3692 τε
768 3637 843 3712 i'p'yut.

141 3714 217 3780 tur,
227 3716 276 3784 qui
289 3722 357 3784 buc,
368 3719 427 3785 prbe
441 3717 509 3792 noa]
526 3717 559 3770 ln
575 3717 691 3788 vulgata
701 3715 825 3773 lectione
839 3719 873 3782 ir,
885 3717 934 3782 qui
942 3718 1009 3779 trec,
1023 3722 1078 3770 etc.
1090 3727 1226 3770 caremus
1273 3753 1275 3758 .

99 3807 185 3856 voce,
199 3793 336 3866 adquam
351 3793 493 3852 referatur
511 3811 675 3868 pronomen
690 3796 763 3862 qai:
785 3796 850 3851 haec
876 3792 957 3848 enirn
980 3805 1025 3850 est
1049 3787 1226 3866 constructio

99 3871 258 3928 verborum
274 3892 282 3937 ;
304 3875 334 3930 Ia
349 3875 457 3942 eripuit
472 3879 524 3930 troc
540 3890 685 3928 commune
703 3893 815 3941 nomen,
831 3875 880 3943 qui
893 3875 950 3930 hcc
975 3885 1150 3936 tractarent,
1168 3881 1223 3925 etc.

98 3945 174 4017 Quo
185 3947 253 4024 quid
266 3949 393 4026 ineptius
401 3962 432 4009 et
445 3951 615 4010 absurdius?
637 3953 800 4010 Lambinus
815 3951 857 4008 sie
871 3952 955 4028 legit,
973 3955 1026 4009 Hac
1039 3957 1084 4020 iia,
1099 3953 1147 4020 qui
1158 3949 1224 4012 taec,

96 4038 167 4092 στας
198 4030 251 4085 sed
273 4031 344 4090 nulli
360 4029 427 4088 libri
450 4030 539 4108 hujus
562 4028 742 4106 conjecturae
763 4031 870 4089 lavent.
912 4032 1075 4090 Ascensius
1095 4023 1223 4092 iuterim,
1335 4072 1339 4076 .

96 4105 263 4175 Manutius,
277 4108 421 4170 editiones
435 4111 513 4170 Ven.
536 4123 565 4168 et
591 4111 713 4168 Mediol.
737 4129 863 4169 necnon
886 4113 969 4170 MSti
992 4115 1073 4166 Cant.
1097 4103 1223 4194 H³¹'¹'.²·

97 4185 190 4261 Wag·
205 4200 238 4244 et
251 4190 327 4246 Nov.
353 4191 530 4259 habentius,
555 4194 681 4261 quittae,
704 4203 760 4249 etc.
789 4193 866 4250 uude
891 4185 1050 4265 superioris
1070 4197 1223 4242 seutenuae

97 4277 205 4338 puncta
227 4269 368 4326 mutando
380 4268 480 4325 inveni
496 4267 720 4329 Nominativum
748 4289 850 4328 casum
865 4276 900 4327 is.
941 4267 991 4322 Sic
1018 4264 1098 4322 enim
1122 4263 1224 4323 locum

96 4341 229 4412 restitue,
240 4351 365 4416 quorum
382 4351 527 4418 Princeps
544 4351 677 4405 Socrates
689 4351 759 4425 suit.
802 4353 832 4409 Is
856 4351 930 4425 (qui
953 4349 1076 4398 oninium
1098 4346 1225 4400 erudito·

96 4439 163 4476 rum
177 4430 348 4496 testimonio,
364 4429 630 4502 totiusquejudt'cio
649 4429 764 4490 Greciae
778 4449 841 4487 cum
856 4426 1016 4498 prudentia
1045 4437 1072 4480 et
1086 4428 1224 4494 aeramine,

96 4513 126 4562 et
137 4517 290 4566 venustate
304 4518 334 4566 et
349 4509 519 4583 subtilitate,
534 4523 594 4568 tum
604 4507 674 4568 veri
688 4514 855 4586 eloquentia,
866 4507 1020 4576 varietate,
1034 4511 1124 4580 copia,
1139 4523 1224 4578 quam
