2808 5020
562 397 688 458 urana
706 397 747 457 11'.
768 403 813 456 n.
874 377 876 384 ‘
1172 407 1224 460 ns
1316 489 1318 492 Ι

108 548 379 654 pernecessario,
404 553 583 644 quaestore
609 554 682 631 tuo,
711 544 849 620 dicere?
873 567 978 643 quam
996 545 1056 619 tibi
1074 548 1228 644 primbm'

109 650 257 725 munisti
267 647 311 721 ad
321 657 358 718 te
368 644 581 718 audiendum
594 647 694 716 viam.
745 648 839 719 Ecce
851 653 980 727 autem,
997 644 1079 718 edm
1089 655 1125 716 te
1138 646 1226 720 nihil

109 748 205 842 aliud
219 745 402 846 profecisse
418 738 609 822 arbitrarer,
626 743 693 814 nisi
710 753 751 814 ut
767 744 927 816 homines
942 743 1016 822 tibi,
1040 744 1150 816 civem
1165 744 1227 816 im·

111 843 262 946 probum
278 841 494 921 defendenti,
510 841 763 936 ignoscendum
782 853 920 938 propter
935 842 1225 916 necessitudinem

100 941 370 1022 arbitrarentur,
389 957 527 1036 serpere
544 939 680 1010 occulte
698 939 850 1035 coepisti,
876 939 1047 1012 nihildum
1063 940 1142 1037 aliis,
1155 961 1227 1014 sus-

112 1036 319 1140 picantibus,
335 1063 392 1112 me
407 1035 488 1109 verb
501 1038 571 1134 jam
583 1035 865 1132 pertimescente,
891 1048 931 1110 ut
946 1039 1038 1111 illam
1054 1063 1128 1114 non
1140 1035 1228 1114 Nor·

112 1140 191 1214 bani
207 1138 429 1222 seditionem,
451 1134 537 1210 saed
551 1135 670 1231 populi
695 1136 841 1208 Romani
864 1135 1085 1217 iracundiam,
1111 1161 1227 1234 neque

109 1261 193 1310 eam
209 1235 381 1332 injustam,
405 1235 467 1306 sed
483 1232 639 1306 meritam
657 1256 701 1306 ac
717 1233 869 1306 debitam
885 1233 992 1306 fuisse
1008 1235 1226 1310 defenderes.

107 1334 269 1421 (Deinde,
295 1332 353 1430 qui
366 1333 464 1405 locus
476 1333 536 1420 abs
548 1340 584 1402 te
599 1329 852 1426 praetermissus
869 1341 921 1403 est
942 1332 981 1403 in
997 1332 1228 1428 Caepionem?

98 1433 153 1516 ‚U
154 1440 169 1503 t
188 1441 226 1504 tu
243 1432 305 1504 illa
320 1430 439 1504 omnia
451 1429 544 1510 odio,
559 1428 702 1510 invidia,
716 1428 946 1502 misericordia
962 1430 1154 1504 miscuisti?
1171 1445 1229 1504 ne·

101 1553 181 1626 ,que
191 1529 271 1603 baec
283 1527 397 1602 soldm
412 1530 451 1600 in
465 1527 680 1606 defensione,
696 1528 756 1599 sed
769 1526 876 1601 etiam
886 1528 923 1600 in
936 1530 1070 1601 Scauro
1080 1530 1228 1605 cetens-

1 1701 2 1716 ,
106 1653 183 1724 ,que
198 1629 283 1702 meis
298 1628 458 1707 testibus,
473 1648 621 1721 quorum
633 1621 842 1706 testimonia,
860 1649 932 1698 nnn
945 1619 1148 1709 refellendo,
1165 1629 1229 1700 sed

1 1799 2 1814 ,
108 1727 328 1800 adeundem
345 1723 513 1824 impetum
525 1725 644 1820 populi
657 1723 903 1818 confugiendo
920 1725 1087 1799 refutasti.
1129 1727 1228 1809 Quae

98 1823 198 1908 selim
215 1827 330 1896 abste
347 1821 453 1894 modb
471 1837 838 1902 commemorarentur,
862 1823 1023 1918 equidem
1036 1824 1130 1896 nulla
1142 1845 1229 1920 prae·

110 1930 223 2016 cepta
248 1921 500 1992 desiderabam:
525 1919 628 1992 istam
651 1919 744 1992 enim
765 1920 872 2015 ipsam
899 1921 1230 1994 demonstrationem

24 2067 29 2076 ·
109 2018 357 2092 ..defensionum
372 2027 511 2091 tuarum
534 2019 599 2090 abs
622 2019 748 2114 teipso
770 2029 1083 2103 commemoratam,
1108 2020 1232 2092 doctri·

112 2115 195 2190 nam
211 2139 288 2190 esse
302 2141 375 2190 non
392 2116 604 2188 mediocrem
620 2128 719 2215 puto.
772 2116 895 2215 Atqui,
920 2121 947 2192 si
965 2119 1014 2193 ita
1033 2120 1156 2216 placet,
1180 2119 1231 2190 in·

111 2215 193 2312 quit
208 2215 397 2296 Antonius,
410 2215 586 2287 trademus
600 2215 718 2296 etiam,
737 2239 818 2310 quoe
831 2241 896 2288 nos
909 2219 1007 2313 sequi
1021 2212 1233 2296 indicendo,

112 2310 268 2409 quaeque
283 2309 431 2386 maxime
450 2312 617 2411 spectare
628 2315 797 2388 solemus:
824 2314 943 2387 docuit
964 2313 1058 2414 enim
1070 2315 1152 2410 jam'
1167 2335 1232 2384 nos

106 2413 221 2508 longa
237 2411 316 2484 vita*
331 2433 484 2506 ususque
508 2437 624 2486 rerum
650 2413 885 2494 maximarum,
912 2423 962 2497 ut,
988 2411 1114 2509 quibus
1131 2414 1233 2484 rebus

112 2510 219 2583 animi
235 2511 416 2584 hominum
428 2520 665 2591 moverentur,
689 2521 899 2587 teneremus.
1149 2604 1152 2612 y

107 2649 112 2656 -
165 2609 228 2680 Ll.
266 2610 439 2704 Equidem
470 2609 622 2704 primdm
649 2611 867 2683 considerare
894 2607 1002 2694 soleo,
1035 2612 1234 2710 postuletne

114 2729 255 2778 caussa:
279 2731 360 2780 nam
375 2731 491 2804 neque
508 2707 618 2801 parvis
631 2707 667 2779 in
681 2711 784 2782 rebus
794 2709 1000 2783 adhibendae
1015 2719 1100 2780 sunt
1116 2710 1174 2778 hae
1187 2708 1235 2779 di-

112 2803 222 2877 cendi
239 2804 342 2885 faces,
367 2829 488 2900 neque
514 2804 562 2875 ita
585 2806 747 2879 animatis
773 2805 981 2887 hominibus,
1008 2817 1049 2878 ut
1075 2803 1164 2877 nihil
1191 2805 1235 2876 ad

112 2925 238 2974 eorum
253 2913 393 2974 mentes
411 2902 773 2978 oratione'flectendas
797 2907 962 3004 proficere
980 2903 1160 3000 possimus,
1188 2925 1235 2974 ne

113 3008 176 3082 aut
191 3000 423 3084 irrisioneaut
439 3001 518 3074 odio
534 3001 630 3099 digni
642 3013 815 3100 putemur,
839 3004 869 3078 si
883 3012 942 3088 aut
966 3001 1148 3098 tragoedias
1162 3021 1237 3097 aga-

114 3123 196 3176 mus
212 3099 250 3171 in
265 3100 381 3196 nugis,
393 3108 452 3174 aut
469 3100 665 3174 convellere
683 3103 881 3178 adoriamur
896 3126 952 3181 ea,
968 3123 1051 3196 quae
1068 3123 1140 3171 non
1159 3119 1236 3194 pos·

112 3197 430 3284 ‚suntcommoreri
482 3197 577 3272 Nam
591 3201 844 3297 quoniamhaec
857 3203 928 3272 fere
941 3197 1088 3270 maxime
1101 3195 1237 3270 suntin

113 3293 277 3393 judicum
291 3295 425 3377 animis,
438 3305 499 3372 aut
514 3299 729 3395 quicumque
746 3298 793 3370 illi
811 3306 927 3378 erunt,
943 3297 1035 3394 apud
1050 3321 1140 3394 quos
1163 3319 1238 3390 age

118 3415 210 3473 mus,
236 3392 390 3466 oratione
405 3393 589 3478 molienda,
617 3421 723 3478 amor,
740 3396 870 3480 odium,
897 3395 1083 3474 iracundia,
1099 3395 1236 3474 invidia,
1301 3467 1305 3475 ,

116 3490 364 3572 misericordia,
382 3515 472 3589 spes,
488 3493 629 3576 laetitia,
640 3495 750 3577 timor,
763 3495 942 3582 molestia3
967 3493 1139 3568 sentimus
1149 3514 1238 3566 amo·
1258 3569 1260 3573 ,

115 3613 193 3664 rem
209 3589 388 3664 conciliari
402 3591 430 3663 si
447 3591 483 3662 id
499 3593 644 3674 videare,
658 3593 754 3689 quod
770 3596 816 3668 sit
833 3595 917 3668 utile
935 3592 1028 3690 ipsis,
1041 3590 1134 3689 apud
1150 3615 1239 3687 quos

112 3713 209 3783 agas,
226 3689 435 3775 defendere3
460 3689 487 3764 si
501 3700 560 3764 aut
577 3713 639 3788 pro
654 3691 756 3766 bonis
772 3693 864 3774 viris,
888 3702 954 3764 aut
976 3691 1072 3762 certe
1105 3713 1166 3788 pro
1187 3689 1238 3769 iis,

119 3785 182 3883 qui
195 3787 263 3857 illis
273 3788 355 3860 boni
371 3796 481 3884 atque
494 3789 597 3861 utiles
617 3788 702 3869 sint,
721 3789 897 3864 laborare:
924 3813 1076 3885 namque
1094 3789 1174 3862 lraec
1185 3810 1237 3858 res

120 3907 274 3958 amorem
290 3885 398 3982 magis
413 3887 588 3968 conciliat,
616 3886 676 3958 illa
691 3888 831 3960 virtutis
861 3886 1022 3961 defensio
1045 3890 1238 3964 caritatem3
1276 3907 1280 3914 ¹

115 3984 273 4080 plusque
289 3983 434 4080 proficit,
450 3987 479 4058 si
489 3985 694 4083 proponitur
707 4011 786 4083 spes
799 3985 961 4060 utilitatis
979 3980 1238 4074 futureq'utm

119 4082 291 4180 praeteriti
306 4079 482 4157 ,beneficii
507 4084 801 4158 commemoratio.
869 4086 1090 4158 Enitendum
1114 4085 1179 4156 est,
1196 4085 1239 4148 ut

119 4183 299 4262 ostendas,
315 4180 353 4252 in
365 4205 411 4253 ea
426 4205 477 4263 re,
493 4179 795 4280 quam'defendas,
813 4192 877 4255 aut
899 4183 1106 4278 dignitatem
1122 4174 1238 4248 inesse

161 4355 308 4434 sVulgo,
332 4362 384 4416 aed
405 4357 487 4418 illam
505 4361 608 4439 jannuti
630 4360 753 4416 Romam·
773 4364 959 4426 iracundiam,
978 4349 1053 4431 etc]
1077 4353 1239 4415 Lambinus

121 4436 294 4497 auctoritate
307 4441 516 4498 nonnullorum
530 4439 688 4497 MStorum
704 4443 780 4496 illam
793 4440 908 4506 delevit,
931 4451 1018 4492 sensu
1044 4433 1239 4510 cerrb'postu·

118 4521 207 4576 tante.
222 4516 336 4576 Delent
349 4517 438 4577 etiam
455 4517 536 4578 MSti
547 4520 628 4594 Mag.
640 4519 725 4576 Norl.
738 4513 823 4578 Cant.
846 4517 927 4590 Harl.
947 4521 968 4570 l.
994 4519 1023 4570 et
1037 4510 1117 4574 Joan.
1133 4517 1239 4592 quibus

120 4599 208 4660 addas
222 4595 367 4659 editiones
381 4596 509 4660 Manutii
522 4611 552 4660 et
565 4601 601 4660 R.
613 4610 643 4658 et
657 4601 692 4658 C.
708 4595 855 4674 Stephani.
