2854 5016
276 387 313 442 ts
678 369 961 443 DE'ORMORE

264 567 272 586 ·
322 525 509 602 XXXIV.
526 529 596 612 ⁸„ln
607 515 944 624 quandianis'autem
956 515 1224 624 cogitationibus
1234 524 1332 622 'equi-

263 627 354 700 -dem
370 629 453 700 mihi
466 623 747 700 adolescentulus
760 648 958 722 proponere
985 625 1141 698 solebam
1158 625 1251 703 illam
1275 635 1333 694 ex·

261 726 509 798 ¹excitationem
525 724 686 803 maxime,
702 747 771 818 qua
785 723 827 793 C.
845 721 1051 813 Carbonem,
1059 735 1222 818 ‘nostrum
1233 723 1331 792 illum

262 823 465 904 inimicum,
498 823 636 893 solitum
664 844 740 891 esse
768 818 819 892 uti
848 816 1020 901 sciebam3
1043 829 1087 889 ut
1101 829 1163 890 aut
1177 819 1332 892 versibus
1418 847 1419 868 ¹

263 921 456 1016 propositis
472 921 578 1015 quim
595 917 742 990 maxime
762 915 942 1012 gravibus,
964 923 1024 986 aut
1048 913 1205 986 oratione
1220 916 1333 1012 aliqua

265 1017 364 1091 lecta
375 1018 419 1090 ad
430 1041 511 1090 eum
519 1022 640 1095 finem,
656 1025 764 1110 quern
775 1013 1092 1109 memoris'posscm
1109 1015 1332 1110 comprehen
1416 1085 1417 1110 ᾖ

271 1114 363 1195 dire,
376 1116 450 1188 eam
465 1137 538 1198 rem
553 1114 671 1209 ipsam,
693 1129 799 1210 quam
812 1111 985 1208 legissem,
996 1109 1211 1204 -verbis-aliis
1224 1114 1340 1206 quim
1416 1151 1417 1200 g

261 1211 424 1284 maxime
453 1235 587 1306 possem
616 1211 717 1283 lectis
741 1209 1019 1306 pronuntiarem.
1069 1208 1140 1280 Sed
1163 1219 1236 1304 post
1265 1209 1337 1304 ani·
1416 1217 1417 1300 ζ

261 1308 433 1382 madverti
446 1309 512 1380 hoo
524 1331 601 1379 esse
617 1307 656 1378 in
671 1308 737 1380 hoc
754 1307 838 1388 vitii,
851 1304 1003 1402 quodea
1014 1307 1127 1388 uerba,
1142 1329 1226 1401 quae
1239 1321 1334 1380 max·

263 1406 339 1478 ime
358 1407 528 1502 cujusque
554 1405 607 1476 rei·
628 1405 773 1502 propria,
787 1427 953 1501 qumque
974 1411 1090 1474 essent
1122 1403 1336 1497 ornatissima
1416 1455 1417 1474 2

264 1509 381 1598 'atque
397 1503 535 1600 opt'nnm
559 1511 768 1598 occupasset
795 1510 855 1576 aot
877 1501 1028 1582 Ennius,
1048 1501 1078 1572 si
1096 1501 1140 1573 ad
1164 1501 1239 1598 ejus
1267 1523 1338 1582 uer·
1416 1579 1417 1594 χ

259 1623 331 1674 ¹sus
358 1625 419 1674 me·
444 1613 662 1674 exercerem:
686 1612 751 1673 aut
762 1599 961 1682 Gracchus,
988 1599 1016 1671 si
1041 1598 1117 1694 ejus
1142 1599 1337 1672 orationem
1416 1609 1417 1614 ’

259 1697 352 1770 >mihi
365 1699 455 1771 forti
475 1697 749 1796 proposuissem:
770 1697 829 1778 ita,
854 1698 895 1770 -si
919 1697 1041 1771 iisdem
1064 1697 1175 1768 verbis
1203 1699 1335 1776 uterer,
1378 1736 1379 1750 .
1416 1764 1417 1789 p

257 1795 355 1868 'nihil
368 1795 534 1893 prodesse
547 1827 556 1884 ;
573 1795 698 1875 sialiis,
708 1797 816 1870 etism
827 1798 957 1875 obesse,
973 1793 1337 1869 cltm'miniasidoneis

267 1893 321 1964 uti
353 1917 633 1967 consuescerem.
683 1895 813 1966 Postea
837 1893 921 1966 mihi
954 1891 1096 1988 placuit,
1117 1903 1236 1986 coque
1258 1891 1337 1984 sum

216 2050 219 2054 ,
266 2011 353 2060 usus
368 1988 584 2066 adolescens,
618 1998 660 2058 ut
676 2002 893 2060 summorum
916 1999 1091 2076 oratorum
1104 1988 1251 2058 Graeoss
1264 1989 1338 2062 ors-

243 2084 382 2156 tiones
411 2081 617 2178 explicarem
629 2111 640 2168 ;
663 2083 790 2176 quibus
816 2082 919 2172 lectis
943 2081 1010 2154 hoo
1039 2085 1254 2176 assequebot‚
1277 2097 1338 2166 nt,

257 2182 422 2262 cumea,
448 2202 531 2277 quae
550 2177 1016 2276 legerem-GraecoLatini
1043 2179 1240 2262 redderem.
1259 2199 1339 2276 non

265 2279 395 2350 solltm-
410 2278 551 2375 optimis
579 2278 690 2350 verbis
723 2287 854 2358 uterer,
881 2285 1067 2350 ettamen
1096 2277 1247 2360 usitatis,
1261 2283 1336 2354 set

128 2365 130 2372 ’
235 2431 238 2437 ι
264 2377 611 2471 θτὶειωὸκρηωετεω
627 2375 905 2470 quaedamverbs
925 2374 1104 2472 imitando,
1133 2391 1228 2472 quae'
1245 2391 1336 2452 nolus

258 2475 396 2546 nostris
409 2481 541 2574 essent3
566 2473 755 2544 dummodo
769 2472 1034 2546 essentidonea.
1071 2477 1160 2548 Jam
1182 2470 1334 2549 vociset

256 2569 421 2665 'spiritns
437 2580 474 2641 et
490 2569 598 2642 totius
615 2571 779 2668 corporis,
809 2579 847 2642 et
858 2571 966 2668 ipsius
987 2573 1132 2670 tinguae·
1149 2581 1269 2670 motus
1281 2615 1283 2620 ·
1296 2585 1334 2646 et

263 2667 532 2740 exercitationes
555 2693 629 2741 non
645 2678 715 2742 tam
740 2669 825 2742 artis
850 2669 1023 2766 indigent,
1040 2676 1169 2768 quim
1182 2671 1329 2768 laboris:

262 2765 390 2865 quibus
402 2766 439 2838 in
451 2767 562 2838 rebus
572 2767 732 2840 habenda
753 2777 807 2839 est
823 2767 909 2856 ratio
925 2767 1126 2866 diligenter,
1152 2793 1243 2866 quos
1259 2765 1332 2843 ini-

183 2929 185 2936 .
257 2870 390 2944 temtu,
415 2887 563 2960 quorum
587 2865 716 2939 similes
740 2865 888 2956 velimus
903 2889 990 2938 esse.
1041 2867 1218 2964 Intuendi
1232 2867 1332 2940 nobis

262 2971 347 3032 sunt
363 2985 438 3034 non
454 2962 566 3034 sotum
594 2971 759 3042 oratores,
786 2962 848 3032 sed
873 2963 978 3035 etiam
1002 2972 1147 3044 actorem
1179 2988 1225 3060 ne
1241 2967 1333 3054 mals

263 3059 521 3132 consuetudine
537 3059 580 3130 ad
596 3060 749 3154 aliquam
770 3059 1032 3154 deformitatem
1052 3055 1332 3160 pravitatemque

261 3158 471 3229 veniamus.-
504 3157 712 3232 Exercenda
739 3166 793 3228 est
810 3157 914 3230 etiam
945 3161 1109 3232 memoria
1133 3160 1331 3234 ediscendis

248 3254 310 3325 ,ad
326 3257 468 3326 verbum
479 3256 585 3348 quim
604 3253 759 3366 plurimis
770 3265 806 3327 et
830 3255 957 3329 nostris
974 3258 1112 3354 scriptis
1139 3267 1176 3331 et
1196 3257 1328 3332 alienis.

261 3349 382 3447 Atque
395 3350 431 3422 in
442 3375 482 3422 ea
498 3352 746 3426 exercitatione
763 3377 836 3426 non
853 3355 939 3426 sane
957 3355 1041 3428 mihi
1066 3355 1330 3454 displicetadhi·

200 3539 202 3544 ,
260 3449 353 3530 bere,
378 3449 407 3520 si
420 3448 614 3527 consueris,
638 3449 743 3522 etiam
761 3450 865 3523 istam
880 3453 1036 3538 locorum
1051 3454 1329 3528 simulacrorum·

257 3679 260 3686 ·
300 3667 317 3714 8
338 3661 375 3713 In
390 3658 563 3730 quotidianis
575 3667 670 3714 autem
685 3659 928 3742 cogitationibus]
946 3662 1065 3722 Omnes
1079 3661 1163 3726 MSti
1182 3672 1214 3721 et
1228 3677 1325 3726 vetos-

257 3737 374 3796 tissima
382 3735 472 3796 editio
482 3739 587 3798 habent
597 3743 829 3798 concitationibus
840 3767 852 3809 ,·
877 3761 937 3817 quo
950 3739 1022 3800 vest
1033 3759 1124 3800 sensu
1136 3740 1202 3800 aliis
1215 3739 1327 3804 inveni-

260 3817 371 3874 endum
387 3816 526 3892 relinquo.
568 3817 720 3878 Manutius
731 3820 821 3880 edidit
833 3823 1123 3890 commentationibus,
1147 3833 1179 3880 ut
1198 3825 1326 3894 occurrit

258 3896 289 3954 in
303 3915 328 3952 c.
345 3902 389 3952 60.
405 3901 546 3954 meditata
560 3903 818 3969 commentationes,
841 3913 872 3960 et
887 3899 917 3956 in
930 3901 1023 3958 Bruto
1035 3920 1060 3958 c.
1083 3907 1130 3959 71.
1156 3899 1325 3973 quotidiana

258 3979 516 4034 commentationes.
558 3977 621 4036 Alii
643 3976 705 4038 fere
730 3979 1009 4038 omnes'ediderunt
1031 3981 1261 4053 cogitationib'as,
1285 3972 1324 4039 ¹co

259 4055 391 4136 (opinor)
406 4073 505 4127 sensu,
519 4075 578 4133 quo
592 4061 868 4116 commentationibus
880 4082 892 4124 ,·
914 4071 948 4117 ut
961 4057 1067 4120 dicitur
1077 4059 1107 4118 in
1121 4079 1184 4136 cop.
1209 4078 1322 4134 praecc-

260 4140 350 4196 dente
361 4138 484 4192 subitam
498 4137 692 4206 ersarrniton
707 4139 864 4196 orationem
877 4143 1070 4196 commentatio
1086 4153 1114 4196 ct
1130 4142 1322 4210 cogitatioso-

257 4214 310 4287 tili
321 4220 421 4273 vincit.-
463 4216 530 4273 Hoc
540 4215 565 4272 si
575 4217 679 4290 parum
690 4218 796 4291 placet,
810 4235 879 4277 curn
891 4217 1066 4296 quibusdam
1082 4217 1174 4276 doctis
1193 4218 1267 4277 viris
1282 4222 1323 4278 lc·

258 4299 389 4372 gendum
412 4309 458 4355 est
472 4299 764 4362 ·excreitatianitns‚·
789 4299 931 4374 ut'paulo
952 4310 1018 4372 post
1041 4299 1192 4370 habemus,
1217 4301 1322 4374 tingue

257 4387 350 4432 mortu
366 4379 647 4442 etexercitationes3
666 4387 697 4438 et
709 4395 735 4436 e.
747 4383 792 4434 60.
807 4381 905 4438 subite
920 4380 1149 4436 exercitationes.
1258 4405 1261 4410 ·
