2808 5020
487 409 623 476 ,.1.13ssr
642 409 683 468 11.
703 413 752 468 24.
796 451 799 457 ·
1100 407 1153 470 lla

69 555 209 638 uidetur
223 553 368 629 imitari:
402 555 465 651 qui
483 568 601 633 tamen
633 558 815 630 verborum
842 555 1005 654 gravitate
1032 566 1069 628 et
1087 561 1155 636 ele

67 656 190 752 gantis
206 665 240 732 et
263 653 365 751 copia
380 677 476 726 suam
501 655 681 750 quandam
705 655 875 750 expressit
898 655 991 750 quasi
1012 654 1156 736 formam

67 758 286 850 figuramque
302 751 438 824 dicendi
452 779 462 837 ;
487 751 581 847 quod
594 776 660 848 ego
670 753 823 826 maxime
838 753 936 848 potui
954 752 1156 848 judicarein

63 877 110 932 ¹ea
126 875 258 942 caussa,
281 873 386 946 quam
402 850 461 922 ille
484 858 606 922 eontra
629 873 686 922 me
713 851 806 947 apud
835 851 1067 925 centumviros
1092 879 1157 952 pro

12 1025 13 1028 ,
68 950 232 1022 fratribus
249 947 368 1020 Cossis
383 948 491 1031 dixit3
515 947 551 1020 in
568 971 636 1042 qua
653 947 739 1020 nihil
752 945 801 1020 illi
822 946 946 1028 defuit,
962 952 1056 1046 quod
1081 977 1156 1026 non

12 1057 13 1128 j
67 1047 176 1120 modo
192 1047 367 1144 copiosus,
384 1045 562 1119 sedetiam
578 1046 717 1142 sapiens
733 1056 845 1118 oratur
862 1046 986 1118 habere
1002 1049 1155 1126 deberet.

12 1147 13 1190 ³
117 1145 255 1219 XXIV.
281 1145 429 1224 Verum,
455 1153 495 1216 ut
518 1143 705 1238 aliquando
726 1146 769 1216 ad
782 1167 922 1218 ⁴caussas
947 1144 1156 1224 deducamus

66 1241 182 1324 illurn,
196 1262 304 1338 quem
317 1241 565 1322 constituimus,
577 1251 614 1312 et
625 1263 687 1314 eas
698 1241 853 1336 quidem,
868 1240 906 1312 in
922 1242 1048 1336 quibus
1063 1246 1157 1358 plus·

12 1317 14 1412 i
64 1343 193 1418 culum
208 1340 336 1436 negotii
350 1351 414 1421 est,
425 1339 633 1435 judiciorum
648 1348 753 1435 'atque
765 1338 877 1410 litium
895 1339 1018 1432 (riserit
1033 1343 1157 1440 aliquis

12 1423 14 1536 l
64 1439 211 1510 fortasse
223 1437 290 1512 huc
301 1451 534 1536 praeceptum3
559 1449 613 1510 est
622 1437 715 1510 enim
725 1460 799 1509 non
808 1449 877 1508 tam
887 1447 1040 1520 acutum,
1050 1444 1156 1538 quam

12 1541 14 1628 l
64 1537 317 1618 necessarium,
335 1538 514 1633 magisque
527 1536 708 1608 monitoris
724 1558 799 1606 non
817 1534 915 1616 latui,
929 1539 1156 1631 quamerudi-

66 1633 93 1707 ti
110 1633 380 1732 magistrilhoc
396 1634 427 1706 ei
444 1635 594 1732 primum
619 1631 871 1732 praecipiemus,
898 1634 1157 1734 Quascumque

12 1779 14 1810 ÷
64 1756 207 1807 caussas
219 1735 284 1806 erit
298 1743 457 1814 acturus,
471 1741 512 1804 ut
522 1757 580 1805 eas
590 1731 773 1827 diligenter
808 1731 996 1827 enitusque
1013 1759 1157 1830 eognos-

12 1817 14 1966 ξ
63 1842 150 1904 teat.v
201 1829 287 1904 Hoc
299 1831 434 1902 inludo
449 1855 524 1902 non
540 1829 739 1926 praecipitur
749 1856 759 1912 ;
782 1754 899 1902 ideiles
916 1830 1010 1903 enim
1023 1856 1156 1930 caussae

12 1973 14 2004 t
65 1929 112 2000 ad
129 1941 253 2024 pueros
268 1927 488 2002 deteruntur.
536 1929 616 1998 Lex
632 1925 849 2023 peregrinum
866 1936 954 1999 vetat
970 1927 1009 2002 in
1019 1953 1157 2004 murum

61 2025 298 2104 adscendere:
321 2025 520 2096 adscendit:
545 2025 665 2098 hostes
675 2025 809 2120 repulit,
820 2036 1007 2100 accusatur.
1039 2029 1157 2104 'Nihil

12 2119 13 2196 i
64 2135 122 2196 est
133 2121 265 2218 negotii
277 2122 472 2219 hujusmodi
485 2147 644 2196 caussam
661 2147 880 2218 cognoscere.
930 2125 1038 2198 Recte
1052 2126 1159 2224 igitur

64 2221 157 2294 nihil
174 2219 218 2292 de
234 2245 353 2295 caussa
372 2221 541 2294 discenda
567 2219 798 2318 praeoipiunt:
824 2222 903 2294 haec
918 2231 976 2296 est
996 2223 1089 2297 euim
1118 2225 1158 2298 in

63 2323 152 2393 ludo
168 2341 365 2394 caussarum
378 2320 449 2392 fere
464 2319 620 2394 formula.
669 2320 719 2392 At
735 2315 818 2390 vero
835 2318 873 2390 in
900 2319 987 2401 foro,
1015 2321 1156 2404 tabulae,

12 2419 13 2424 ’
63 2416 278 2499 testimonia,
290 2419 307 2470 ³
315 2425 429 2515 pacta,
444 2428 635 2504 conventa,
649 2415 905 2515 stipulationes,
916 2419 1157 2521 cognationes,

63 2515 258 2597 affinitates,
276 2517 426 2597 decreta,
442 2531 622 2614 respousa,
639 2516 708 2590 vita
723 2515 874 2614 denique
890 2543 1019 2602 eorum,
1036 2519 1097 2616 qui
1119 2521 1158 2594 in
1172 2521 1181 2533 ’

63 2627 195 2689 caussa
217 2624 409 2695 versantur,
424 2623 498 2686 tcta
520 2613 766 2712 cognoscenda
783 2625 858 2687 est:
882 2641 1028 2714 quarum
1042 2645 1157 2692 rerum

62 2711 284 2808 negligentia
303 2711 486 2811 plerasque
502 2737 645 2793 caussas,
669 2723 706 2786 et
729 2711 877 2784 maxims
896 2713 1040 2810 privatas
1059 2719 1158 2806 (sunt

61 2812 161 2884 enim
176 2809 294 2882 multo
305 2833 399 2907 saepe
417 2810 656 2902 obscuriores)
668 2809 824 2884 videmus
834 2809 955 2883 amitti.
1005 2811 1058 2880 lta
1069 2835 1157 2884 non·

62 2908 166 2990 nulli,
179 2909 412 3006 dumoperam
425 2929 521 2982 suam
530 2909 673 2982 multam
684 2907 871 2981 existimari
884 2907 1017 2990 volunt,
1027 2917 1069 2981 ut
1079 2917 1157 2980 toto

60 3006 305 3087 imortalitate,
318 3017 357 3079 et
374 3009 395 3077 a
410 3029 531 3079 caussa
542 3008 586 3080 ad
613 3029 774 3097 caussam
791 3008 839 3079 ine
856 3007 1046 3089 videantur,
1062 3031 1156 3079 eaus-

62 3123 119 3177 sas
137 3105 261 3176 dicant
273 3103 491 3201 incognitas:
516 3105 582 3178 sin
597 3129 671 3205 quo
699 3114 758 3178 est
783 3106 845 3178 illa
871 3105 1013 3201 quidem
1029 3124 1158 3200 magna

107 3275 124 3324 3
136 3277 236 3337 pacta,
248 3265 416 3348 conuenta]
434 3267 595 3330 Lambinus
608 3283 639 3330 et
649 3269 680 3327 in
691 3269 828 3336 hocloco,
843 3267 1025 3326 etnonnullis
1044 3267 1107 3328 aliis
1117 3267 1160 3328 si·

63 3348 189 3408 milibus
210 3366 328 3426 comma
348 3346 463 3418 deleuit,
489 3346 575 3408 etsie
599 3348 683 3427 legit,
703 3358 795 3417 tracta
818 3359 969 3405 conuentu.
1010 3349 1159 3408 Strebaeus

62 3427 156 3486 etlam
172 3423 241 3486 dicit
254 3424 438 3486 doctissimos
451 3429 596 3504 quosdam
607 3428 686 3488 uiros
698 3427 741 3486 sic
755 3427 829 3486 olim
842 3425 960 3507 legisse.
993 3427 1060 3484 Nee
1075 3427 1158 3486 aliter

64 3505 216 3582 Ulpianus
226 3506 257 3564 in
271 3504 428 3582 librojuris
442 3506 586 3584 gentium.
628 3511 757 3568 Solemus
781 3507 852 3566 enim
871 3513 968 3566 dicere
988 3519 1072 3582 pacta
1091 3523 1167 3564 eom·

63 3601 184 3646 ventam
197 3588 293 3660 inesse
305 3589 378 3642 bone
395 3589 474 3657 fidei
480 3589 613 3660 judiciis.
652 3587 719 3648 lma
735 3587 820 3646 hodie
833 3587 909 3647 inter
922 3589 1046 3644 Polonos
1067 3589 1159 3658 {tactu

63 3677 213 3735 conventa,
225 3664 358 3730 nonnihil
376 3681 486 3726 mutato
497 3680 597 3726 tamen
611 3686 708 3740 sensu,
723 3667 826 3742 usitate
840 3667 985 3726 dicuutur.
1048 3708 1049 3714 .
1073 3673 1074 3678 ’

103 3753 122 3800 4
136 3747 168 3800 ἰη
180 3765 234 3816 quo
248 3758 291 3803 eat
300 3748 349 3802 illc
359 3741 472 3817 quidem
486 3749 590 3820 magne
604 3749 728 3818 tfflnaio,
738 3745 812 3826 cte]
828 3749 915 3804 Hunc
925 3747 1034 3818 locum,
1044 3745 1062 3802 ὲ
1072 3767 1160 3826 supe·

61 3821 193 3882 rioribus
203 3825 501 3900 Interprctibusmall:
512 3826 708 3897 intellectum,
730 3826 773 3885 sie
789 3824 915 3900 explico.
956 3823 1018 3896 Qui
1042 3846 1160 3887 caussas

62 3903 168 3962 dieunt
182 3900 351 3984 incognitas,
365 3919 499 3980 peceant,
511 3920 542 3964 et
557 3905 713 3965 offendunt
728 3907 775 3964 vel
789 3902 978 3982 negligentia,
1002 3905 1029 3964 si
1042 3922 1163 3968 caussas¹

61 3981 163 4042 solum
175 3983 348 4058 suscipiant;
371 3989 418 4043 vel
433 3986 562 4060 perfidia,
578 3984 602 4042 si
617 4004 677 4056 eas,
691 3987 755 4044 data
765 4002 817 4042 sua
827 3981 990 4044 Clientibus
1004 3985 1071 4053 lide,
1086 3981 1158 4040 reei-

62 4063 155 4138 piant.
198 4061 260 4120 Sed
273 4065 338 4122 lraec
358 4079 475 4125 nonest
498 4068 558 4122 sola
575 4085 679 4124 eorum
701 4063 806 4142 eulpa;
827 4063 855 4122 in
870 4066 980 4124 caussis
1002 4057 1158 4148 incognitis

61 4140 197 4202 dicendis
207 4139 282 4202 inest
295 4143 344 4201 illa
357 4143 503 4214 offensio,
517 4165 583 4222 quae
597 4144 691 4222 major
701 4156 764 4212 est,
777 4143 866 4218 quam
881 4144 930 4204 isti
945 4148 1082 4202 Oratores
1095 4153 1159 4228 opt,-

61 4235 190 4302 uantur:
206 4222 337 4297 Semper
350 4223 431 4282 enim
453 4226 527 4283 dum
549 4244 654 4300 parum
678 4221 796 4282 solliciti
818 4233 885 4282 sunt
898 4238 928 4282 et
942 4216 1159 4305 attentanneglr-

12 4305 13 4316 *
61 4311 211 4375 gemeret
231 4301 342 4376 perfide
357 4302 468 4362 inertes
482 4309 664 4375 censeantur,
688 4301 779 4360 necne
794 4301 876 4380 (quac
892 4315 993 4358 revera
1006 4313 1100 4380 major
1113 4307 1160 4354 est

60 4379 234 4472 accusatio),
259 4381 300 4440 ita
312 4380 474 4440 infeliciter
489 4402 520 4442 se
542 4384 658 4452 habent,
677 4396 710 4460 ut
723 4381 795 4454 tardi
809 4381 897 4440 etiam
910 4385 1069 4451 putentur:
1089 4394 1157 4454 quae

61 4473 334 4546 reverammorest
347 4463 513 4534 accusati03
534 4461 735 4542 quamtameu
758 4459 807 4523 isti
819 4455 1062 4540 maximamessc
1085 4455 1159 4516 arbi·

60 4549 182 4601 tramut-
348 4557 351 4564 '
400 4559 404 4566 ’
479 4560 483 4566 “
769 4563 773 4569 ’
913 4577 915 4582 ·

257 4705 271 4734 0

1378 4545 1391 4624 l
