2808 5020
13 611 15 650 l

492 393 618 474 LIBER
636 395 676 474 ΙΙ.
697 403 745 461 aa
1118 399 1168 470 tia

13 497 14 502 i
65 631 69 638 g
124 541 279 630 XXXII.
304 543 403 629 Quae
414 543 511 630 verb,
522 549 604 624 clun
617 549 660 622 de
673 551 765 624 facto
773 574 849 626 non
866 550 1061 650 ambigitur,
1069 577 1168 652 quas·

13 669 15 716 ὲ
73 659 214 730 buntur,
230 645 358 730 Qualia
373 643 455 726 sint,
468 669 520 728 ea,
532 646 560 719 si
576 671 621 718 ex
630 650 702 722 reis
712 675 885 731 numeres,
906 661 945 725 et
969 653 1166 728 innumera-

74 749 298 830 biliasuntet
310 745 472 831 obscura;
489 743 517 816 si
527 769 570 818 ex
581 746 694 828 rebus,
709 749 852 822 valdeet
868 748 1002 824 modica
1015 763 1051 824 et
1064 751 1159 824 illus-

73 850 152 924 tria.
190 849 292 934 ¹Nam
309 844 337 918 si
347 841 505 919 Mancini
514 867 668 918 caussam
678 845 716 918 in
727 869 799 919 uno
811 847 979 922 Mancino
992 851 1164 946 ponimus,

72 948 364 1044 quotiescumque
380 945 421 1027 is,
432 967 537 1041 quem
546 952 796 1042 paterpatratus
808 943 990 1030 dediderit,
1003 960 1165 1044 receptus
1229 999 1232 1006 -

73 1045 243 1126 nouerit,
261 1043 367 1117 toties
384 1055 500 1116 caussa
516 1067 604 1114 nova
619 1053 802 1116 nascetur:
828 1043 882 1114 sin
899 1043 956 1118 illa
973 1055 1167 1120 controver-

71 1145 122 1216 sia
138 1159 299 1218 caussam
321 1140 414 1222 facit,
429 1139 642 1214 Videaturne
660 1140 702 1222 ei,
719 1163 824 1237 quem
842 1149 1092 1239 paterpatratus
1109 1143 1166 1217 de·

68 1243 216 1322 diderit,
233 1239 260 1312 si
270 1239 299 1312 is
315 1263 388 1314 non
404 1237 447 1312 sit
457 1248 626 1337 receptus,
643 1237 895 1336 postliminium
906 1263 982 1312 esse
990 1269 1002 1330 ;
1027 1240 1111 1315 nihil
1122 1241 1167 1316 ad

69 1352 186 1414 artem
208 1337 357 1417 dicendi,
384 1362 449 1411 neo
464 1337 508 1410 ad
528 1345 737 1436 argumenta
763 1334 977 1412 defensionis
1006 1338 1164 1416 Mancini

14 1509 15 1536 ἢ
68 1447 206 1517 nomesn
221 1435 386 1534 pertinet.
436 1433 503 1518 Ac,
528 1437 557 1508 si
582 1434 668 1533 quid
693 1434 793 1510 affert
823 1445 992 1533 praeterea
1017 1439 1166 1512 hominis
1210 1447 1218 1462 ’

69 1548 134 1614 aut
150 1535 301 1634 dignitas
321 1544 387 1608 aut
399 1533 598 1632 indignitas,
610 1541 706 1606 extra
727 1533 960 1630 questionem
972 1544 1050 1619 est;
1073 1545 1111 1610 et
1126 1561 1165 1612 ea

14 1646 20 1726 ζ
70 1633 309 1733 tamen3ipsa
334 1633 491 1708 oratione
503 1633 551 1707 ad
566 1631 714 1707 universi
731 1629 868 1728 generis
893 1633 1165 1732 disputationem

15 1731 18 1770 ³
69 1735 472 1809 referaturnecesseest.
523 1731 616 1806 Haec
628 1753 695 1828 ego
710 1754 786 1805 non
799 1755 843 1804 eo
855 1733 1001 1806 consilio
1011 1732 1163 1831 disput0,

13 1851 17 1876 ’
68 1844 114 1906 ut
143 1831 304 1904 homines
321 1829 474 1901 eruditos
489 1830 712 1926 redarguam3
748 1852 958 1926 quamquam
979 1833 1164 1929 reprehen-v

13 2305 15 2328 t

13 2365 15 2396 l

13 2409 15 2430 i

13 2763 15 2776 l

13 2781 14 2788 i

71 1927 186 2004 dendi
210 1934 306 2007 sunt,
323 1927 383 2022 qui
406 1925 444 1998 in
462 1950 593 2022 genere
619 1925 819 2000 definiendo
835 1928 918 2002 istas
934 1953 1074 2006 caussas
1092 1931 1164 2012 des·

67 2027 211 2104 eribant
233 2024 271 2098 in
281 2023 439 2122 personis
461 2024 557 2100 etin
579 2024 790 2124 temporibus
813 2025 940 2125 positas
951 2033 1046 2103 esset
1072 2054 1165 2114 nam,

63 2124 138 2202 etsi
154 2125 339 2212 incorrunt
354 2131 510 2222 tempora
519 2131 554 2195 et
565 2135 743 2220 personae,
760 2133 878 2199 tamen
899 2125 1165 2224 intelligendum

63 2234 141 2305 est,
153 2247 228 2299 non
239 2223 343 2305 exiis,
357 2222 420 2296 sed
430 2245 475 2294 ex
483 2223 619 2319 'genere
632 2222 839 2320 quaestionis
850 2223 1003 2320 pendere
1018 2249 1166 2301 caussas.

63 2322 142 2398 Sed
153 2321 226 2396 hoc
247 2320 333 2394 nihil
350 2321 393 2394 ad
404 2345 480 2406 me;
504 2321 643 2396 nullum
655 2322 753 2396 enim
769 2321 871 2396 nobis
884 2328 1064 2396 certamen
1080 2347 1163 2397 cum

13 2445 15 2460 '
66 2422 144 2496 istis
160 2445 236 2494 esse
249 2419 373 2492 dehet:
398 2427 533 2494 tantum
546 2419 630 2496 satis
643 2427 697 2492 est
708 2418 866 2516 intelligi,
884 2445 930 2500 ne
939 2419 1006 2493 hoc
1019 2421 1162 2518 quidem

67 2545 131 2596 eos
146 2527 370 2599 consecutos,
386 2517 483 2614 quod
494 2516 532 2590 in
545 2528 646 2597 tanto
661 2519 732 2591 otio
743 2517 848 2594 etiam
865 2519 942 2592 sine
958 2519 1023 2596 hac
1035 2521 1164 2596 forensi

65 2617 323 2694 exercitatione
347 2615 484 2688 efficere
506 2625 714 2712 potuerunt,
743 2627 784 2690 ut
808 2635 938 2714 genera
960 2643 1076 2693 rerum
1100 2619 1164 2694 dis·

62 2725 267 2794 cernerent,
295 2732 407 2810 eaque
434 2710 537 2809 paulo
564 2713 722 2788 subtilius
750 2715 973 2812 explicarent.
1022 2717 1168 2798 Verinn'

13 2893 14 2898 ,
63 2807 211 2908 hoc(ut
227 2811 315 2904 dixi)
331 2807 418 2884 nihil
434 2810 477 2882 ad
493 2837 557 2886 me.
607 2811 701 2888 Illud
717 2814 765 2888 ad
781 2837 848 2893 me,
864 2838 904 2888 ac
927 2813 1041 2888 multo
1056 2811 1162 2902 etiam

65 2913 178 3009 magis
189 2901 327 3001 advos,
352 2909 458 2992 Cotta
473 2917 592 2984 noster
603 2920 641 2984 et
652 2911 797 3010 Sulpiti:
824 2911 913 2994 Quo
939 2911 1044 3000 modo
1058 2934 1161 2986 nunc

13 3009 14 3060 f
64 3035 106 3086 se
129 3013 274 3084 istorum
304 3016 397 3082 artes
418 3007 564 3120 habent,
589 3009 865 3122 pertimescenda
892 3009 1161 3122 eatmultitudo

13 3133 14 3184 1
64 3131 286 3194 caussarum3
308 3115 363 3180 est
379 3129 474 3180 emm
497 3111 645 3182 infinita.
695 3109 810 3183 Sriin
822 3129 979 3206 personis
995 3115 1137 3218 ponitur
1149 3135 1161 3196 ;

65 3216 157 3306 quot
178 3203 344 3288 homines,
369 3208 425 3278 tot
455 3230 609 3286 caussae:
644 3209 699 3280 sin
724 3209 767 3280 ad
787 3231 954 3304 generum
985 3229 1161 3280 umversas

64 3305 289 3403 quaestiones
303 3305 523 3392 ,referentum
547 3305 597 3380 ita
612 3305 768 3396 ‘modicae
784 3313 821 3378 et
846 3325 966 3402 paucoe
994 3313 1090 3386 sunt,
1117 3313 1159 3379 ut

65 3401 472 3498 mnaseas-diligentes
495 3412 534 3477 et
548 3429 717 3478 memores
732 3402 885 3480 etsobrii
915 3411 1072 3478 oratores
1087 3427 1160 3498 per·
1221 3421 1229 3440 ·

66 3525 189 3576 ouraas
213 3500 329 3574 animo
345 3510 380 3572 et
394 3525 502 3600 prope
518 3501 721 3578 decantatas
737 3504 862 3578 habere
878 3502 1029 3576 debeant
1040 3526 1063 3586 3·
1092 3500 1159 3574 nisi

13 3649 15 3672 .
63 3601 156 3676 forte
169 3598 374 3674 existimatis
385 3599 433 3671 'a
449 3599 501 3674 Μ’
514 3600 624 3674 Curio
647 3626 802 3676 caussam
818 3597 978 3676 didicisse
1000 3601 1043 3672 L.
1060 3597 1159 3674 ¹Cras·

108 3798 199 3866 3itna
209 3777 336 3856 oratione
349 3796 390 3854 ad
396 3797 523 3856 ακίυινεί
536 3797 697 3876 reseratur]
722 3799 767 3858 Ita
787 3799 856 3858 MS·
875 3794 955 3856 toan.
974 3807 1004 3858 et
1023 3809 1082 3860 vet.
1094 3801 1158 3862 cod.

63 3874 304 3948 Car-Stephani:
324 3879 536 3952 voceseailua,
549 3875 705 3952 singularis
718 3877 843 3948 numeri,
863 3877 1007 3957 casiasque
1027 3880 1158 3956 uomina·

62 3954 131 4026 tivi,
145 3949 304 4029 respiciunt
317 3975 405 4018 vacca
415 3959 540 4032 dignitas
561 3969 610 4022 auc
624 3959 796 4030 indignitas:
815 3954 913 4034 Vulgb
926 3958 1037 4036 legitur
1050 3979 1082 4016 ea
1095 3962 1157 4026 isaac

27 4037 33 4048 '
64 4037 168 4102 oratio,
182 4046 239 4092 etc.
275 4034 338 4096 -Sed
349 4050 380 4097 et
395 4033 478 4097 Msti
487 4037 570 4112 Mag.
579 4048 610 4096 et
623 4036 708 4095 Nori·
722 4035 840 4097 lectioni
852 4037 936 4099 Msri
958 4039 1039 4099 Joan.
1061 4051 1159 4107 assen-

62 4113 121 4178 tire
133 4111 278 4186 videntes,¹
291 4114 362 4187 ciam
372 4118 495 4180 habeant
505 4119 621 4174 ratione.

105 4197 165 4250 ain
171 4199 300 4264 fineenic
307 4194 444 4274 puniar]
455 4194 647 4272 subintellige
666 4215 779 4254 caussas
793 4214 862 4270 esee,
874 4210 908 4258 ut
921 4195 959 4256 sit
967 4195 1084 4266 ponitur
1093 4208 1159 4250 ver·

62 4273 140 4336 bum
154 4272 372 4349 impersonale:
393 4275 452 4334 nisi
463 4273 556 4334 mavis
580 4294 650 4334 cum
669 4277 811 4346 Lambino
823 4280 924 4355 legere
945 4283 1103 4346 ponantur,
1117 4288 1157 4330 sc.

62 4369 198 4422 caussae3
218 4365 251 4412 ut
263 4355 399 4434 sequitur
412 4356 573 4430 paulopost
583 4361 753 4429 regeruntur.

80 4450 88 4465 ·
105 4429 153 4494 sd
169 4431 215 4490 Μ’
227 4430 456 4506 Curiaccusaarh
466 4433 602 4506 didicisse
622 4437 658 4492 L.
677 4438 816 4506 Crassum,
844 4449 871 4495 et
883 4452 919 4494 aa
928 4461 931 4484 u
940 4449 973 4490 re
986 4431 1073 4488 multa
1085 4443 1161 4490 atta·

64 4516 144 4584 «iare,
157 4509 232 4593 ero]
252 4516 282 4573 A
297 4513 464 4588 M’Crurio,
486 4513 718 4576 scamonii
742 4533 874 4610 persona,
895 4525 928 4573 ut
940 4514 1030 4590 paulo
1051 4523 1117 4572 ante
1131 4514 1161 4572 in
1266 4571 1274 4586 ,,

602 4597 626 4666 S
