<?xml version="1.0" encoding="UTF-8"?>
<!DOCTYPE html PUBLIC "-//W3C//DTD XHTML 1.0 Transitional//EN"
    "http://www.w3.org/TR/xhtml1/DTD/xhtml1-transitional.dtd">
<html xmlns="http://www.w3.org/1999/xhtml" xml:lang="en" lang="en">
 <head>
  <title>
</title>
<meta http-equiv="Content-Type" content="text/html;charset=utf-8" />
  <meta name='ocr-system' content='tesseract 3.04.00' />
  <meta name='ocr-capabilities' content='ocr_page ocr_carea ocr_par ocr_line ocrx_word'/>
</head>
<body>
  <div class='ocr_page' id='page_1' title='image "./mtulliiciceroni00peargoog_0299.png"; bbox 0 0 2882 5012; ppageno 0'>
   <div class='ocr_carea' id='block_1_1' title="bbox 548 321 1297 398">
    <p class='ocr_par' dir='ltr' id='par_1_1' title="bbox 548 321 1297 398">
     <span class='ocr_line' id='line_1_1' title="bbox 548 321 1297 398; baseline -0.016 -4"><span class='ocrx_word' id='word_1_1' title='bbox 548 323 672 398; x_wconf 80' lang='lat' dir='ltr'>Ltusn</span> <span class='ocrx_word' id='word_1_2' title='bbox 693 333 749 395; x_wconf 85' lang='lat'>111.</span> <span class='ocrx_word' id='word_1_3' title='bbox 771 321 816 392; x_wconf 81' lang='lat' dir='ltr'>tr.</span> <span class='ocrx_word' id='word_1_4' title='bbox 1191 327 1248 385; x_wconf 81' lang='lat' dir='ltr'>aas</span> <span class='ocrx_word' id='word_1_5' title='bbox 1296 347 1297 352; x_wconf 12' lang='grc' dir='ltr'><strong><em>Ν</em></strong></span> 
     </span>
    </p>
   </div>
   <div class='ocr_carea' id='block_1_2' title="bbox 21 478 1247 2924">
    <p class='ocr_par' dir='ltr' id='par_1_2' title="bbox 93 478 1245 2058">
     <span class='ocr_line' id='line_1_2' title="bbox 121 478 1238 584; baseline -0.013 -22"><span class='ocrx_word' id='word_1_6' title='bbox 121 488 258 562; x_wconf 88' lang='lat' dir='ltr'>tatione</span> <span class='ocrx_word' id='word_1_7' title='bbox 274 483 408 584; x_wconf 82' lang='lat' dir='ltr'>aptius?</span> <span class='ocrx_word' id='word_1_8' title='bbox 433 485 559 580; x_wconf 85' lang='lat' dir='ltr'>Itaque</span> <span class='ocrx_word' id='word_1_9' title='bbox 576 484 668 558; x_wconf 91' lang='lat' dir='ltr'>idem</span> <span class='ocrx_word' id='word_1_10' title='bbox 685 485 866 558; x_wconf 76' lang='lat' dir='ltr'><strong>Gracchus</strong></span> <span class='ocrx_word' id='word_1_11' title='bbox 879 478 1238 579; x_wconf 82' lang='lat' dir='ltr'>(quodpotesaudire,</span> 
     </span>
     <span class='ocr_line' id='line_1_3' title="bbox 117 581 1239 675; baseline -0.012 -15"><span class='ocrx_word' id='word_1_12' title='bbox 117 589 262 668; x_wconf 80' lang='lat' dir='ltr'>Catule,</span> <span class='ocrx_word' id='word_1_13' title='bbox 271 609 315 659; x_wconf 90' lang='lat' dir='ltr'>ex</span> <span class='ocrx_word' id='word_1_14' title='bbox 325 583 461 664; x_wconf 89' lang='lat' dir='ltr'>Licino,</span> <span class='ocrx_word' id='word_1_15' title='bbox 471 585 822 664; x_wconf 88' lang='lat' dir='ltr'>cliente·tuo‚literato</span> <span class='ocrx_word' id='word_1_16' title='bbox 832 581 1239 675; x_wconf 70' lang='lat' dir='ltr'>hominequemaerrum</span> 
     </span>
     <span class='ocr_line' id='line_1_4' title="bbox 118 677 1240 759; baseline -0.012 -2"><span class='ocrx_word' id='word_1_17' title='bbox 118 686 187 758; x_wconf 87' lang='lat' dir='ltr'>sibi</span> <span class='ocrx_word' id='word_1_18' title='bbox 203 686 258 757; x_wconf 87' lang='lat' dir='ltr'>ille</span> <span class='ocrx_word' id='word_1_19' title='bbox 278 685 408 756; x_wconf 77' lang='lat' dir='ltr'>habunt</span> <span class='ocrx_word' id='word_1_20' title='bbox 424 682 467 755; x_wconf 89' lang='lat' dir='ltr'>ad</span> <span class='ocrx_word' id='word_1_21' title='bbox 491 686 650 759; x_wconf 82' lang='lat' dir='ltr'>manuml</span> <span class='ocrx_word' id='word_1_22' title='bbox 675 707 754 754; x_wconf 90' lang='lat' dir='ltr'>curn</span> <span class='ocrx_word' id='word_1_23' title='bbox 771 679 956 753; x_wconf 83' lang='lat' dir='ltr'>eburneola</span> <span class='ocrx_word' id='word_1_24' title='bbox 976 679 1097 750; x_wconf 86' lang='lat' dir='ltr'>solitus</span> <span class='ocrx_word' id='word_1_25' title='bbox 1113 685 1170 748; x_wconf 90' lang='lat' dir='ltr'>est</span> <span class='ocrx_word' id='word_1_26' title='bbox 1187 677 1240 744; x_wconf 88' lang='lat' dir='ltr'>ha·</span> 
     </span>
     <span class='ocr_line' id='line_1_5' title="bbox 118 774 1240 876; baseline -0.011 -20"><span class='ocrx_word' id='word_1_27' title='bbox 118 786 204 856; x_wconf 90' lang='lat' dir='ltr'>bere</span> <span class='ocrx_word' id='word_1_28' title='bbox 219 784 345 862; x_wconf 85' lang='lat' dir='ltr'>fistula,</span> <span class='ocrx_word' id='word_1_29' title='bbox 371 782 431 876; x_wconf 89' lang='lat' dir='ltr'>qui</span> <span class='ocrx_word' id='word_1_30' title='bbox 449 789 551 852; x_wconf 85' lang='lat' dir='ltr'>staret</span> <span class='ocrx_word' id='word_1_31' title='bbox 568 780 703 852; x_wconf 70' lang='lat' dir='ltr'>occulte</span> <span class='ocrx_word' id='word_1_32' title='bbox 724 789 799 875; x_wconf 90' lang='lat' dir='ltr'>post</span> <span class='ocrx_word' id='word_1_33' title='bbox 814 780 935 875; x_wconf 89' lang='lat' dir='ltr'>ipsum,</span> <span class='ocrx_word' id='word_1_34' title='bbox 962 776 1040 852; x_wconf 78' lang='lat' dir='ltr'>cum</span> <span class='ocrx_word' id='word_1_35' title='bbox 1057 774 1240 849; x_wconf 85' lang='lat' dir='ltr'>conciona-</span> 
     </span>
     <span class='ocr_line' id='line_1_6' title="bbox 115 877 1243 977; baseline -0.005 -23"><span class='ocrx_word' id='word_1_36' title='bbox 115 891 228 962; x_wconf 82' lang='lat' dir='ltr'>netur,</span> <span class='ocrx_word' id='word_1_37' title='bbox 251 880 597 977; x_wconf 86' lang='lat' dir='ltr'>peritumhominem,</span> <span class='ocrx_word' id='word_1_38' title='bbox 620 881 679 974; x_wconf 94' lang='lat' dir='ltr'>qui</span> <span class='ocrx_word' id='word_1_39' title='bbox 701 878 834 949; x_wconf 82' lang='lat' dir='ltr'>inflaret</span> <span class='ocrx_word' id='word_1_40' title='bbox 846 877 1005 948; x_wconf 84' lang='lat' dir='ltr'>celeriter</span> <span class='ocrx_word' id='word_1_41' title='bbox 1015 896 1098 946; x_wconf 89' lang='lat' dir='ltr'>eurn</span> <span class='ocrx_word' id='word_1_42' title='bbox 1108 889 1243 948; x_wconf 74' lang='lat' dir='ltr'>sonum,</span> 
     </span>
     <span class='ocr_line' id='line_1_7' title="bbox 118 973 1239 1076; baseline -0.011 -26"><span class='ocrx_word' id='word_1_43' title='bbox 118 1003 198 1076; x_wconf 92' lang='lat' dir='ltr'>quo</span> <span class='ocrx_word' id='word_1_44' title='bbox 212 980 307 1052; x_wconf 91' lang='lat' dir='ltr'>illum</span> <span class='ocrx_word' id='word_1_45' title='bbox 325 988 385 1051; x_wconf 86' lang='lat' dir='ltr'>aut</span> <span class='ocrx_word' id='word_1_46' title='bbox 405 977 584 1050; x_wconf 90' lang='lat' dir='ltr'>remissum</span> <span class='ocrx_word' id='word_1_47' title='bbox 600 977 779 1056; x_wconf 86' lang='lat' dir='ltr'>excitaret,</span> <span class='ocrx_word' id='word_1_48' title='bbox 803 985 874 1056; x_wconf 92' lang='lat' dir='ltr'>aut,</span> <span class='ocrx_word' id='word_1_49' title='bbox 900 979 926 1048; x_wconf 71' lang='lat' dir='ltr'>a</span> <span class='ocrx_word' id='word_1_50' title='bbox 943 973 1173 1047; x_wconf 74' lang='lat' dir='ltr'>contentione</span> <span class='ocrx_word' id='word_1_51' title='bbox 1190 993 1239 1039; x_wconf 92' lang='lat' dir='ltr'>re·</span> 
     </span>
     <span class='ocr_line' id='line_1_8' title="bbox 93 1074 1239 1170; baseline -0.01 -21"><span class='ocrx_word' id='word_1_52' title='bbox 93 1133 96 1138; x_wconf 83' lang='grc'>.</span> <span class='ocrx_word' id='word_1_53' title='bbox 120 1085 271 1150; x_wconf 86' lang='lat' dir='ltr'>voearet.</span> <span class='ocrx_word' id='word_1_54' title='bbox 321 1075 449 1148; x_wconf 86' lang='lat' dir='ltr'>Audivi</span> <span class='ocrx_word' id='word_1_55' title='bbox 461 1076 673 1154; x_wconf 89' lang='lat' dir='ltr'>mehercule,</span> <span class='ocrx_word' id='word_1_56' title='bbox 690 1074 803 1170; x_wconf 91' lang='lat' dir='ltr'>inquit</span> <span class='ocrx_word' id='word_1_57' title='bbox 816 1076 973 1155; x_wconf 72' lang='lat' dir='ltr'>(arctos,</span> <span class='ocrx_word' id='word_1_58' title='bbox 999 1084 1145 1166; x_wconf 83' lang='lat' dir='ltr'>etsoepe</span> <span class='ocrx_word' id='word_1_59' title='bbox 1164 1091 1239 1140; x_wconf 92' lang='lat' dir='ltr'>surn</span> 
     </span>
     <span class='ocr_line' id='line_1_9' title="bbox 123 1167 1242 1269; baseline -0.009 -23"><span class='ocrx_word' id='word_1_60' title='bbox 123 1176 312 1247; x_wconf 77' lang='lat' dir='ltr'><strong>admiratus</strong></span> <span class='ocrx_word' id='word_1_61' title='bbox 328 1174 477 1246; x_wconf 89' lang='lat' dir='ltr'>hominis</span> <span class='ocrx_word' id='word_1_62' title='bbox 492 1197 572 1246; x_wconf 90' lang='lat' dir='ltr'>oum</span> <span class='ocrx_word' id='word_1_63' title='bbox 588 1173 813 1269; x_wconf 80' lang='lat' dir='ltr'>diligentiam,</span> <span class='ocrx_word' id='word_1_64' title='bbox 838 1181 915 1244; x_wconf 92' lang='lat' dir='ltr'>turn</span> <span class='ocrx_word' id='word_1_65' title='bbox 931 1173 1035 1243; x_wconf 86' lang='lat' dir='ltr'>etlam</span> <span class='ocrx_word' id='word_1_66' title='bbox 1048 1167 1242 1241; x_wconf 86' lang='lat' dir='ltr'>doctrinam</span> 
     </span>
     <span class='ocr_line' id='line_1_10' title="bbox 122 1265 1242 1368; baseline -0.007 -24"><span class='ocrx_word' id='word_1_67' title='bbox 122 1281 160 1344; x_wconf 90' lang='lat' dir='ltr'>et</span> <span class='ocrx_word' id='word_1_68' title='bbox 172 1273 363 1346; x_wconf 87' lang='lat' dir='ltr'>scientiam.</span> <span class='ocrx_word' id='word_1_69' title='bbox 413 1273 489 1368; x_wconf 85' lang='lat' dir='ltr'>Ego</span> <span class='ocrx_word' id='word_1_70' title='bbox 500 1271 594 1353; x_wconf 76' lang='lat' dir='ltr'>veri),</span> <span class='ocrx_word' id='word_1_71' title='bbox 619 1271 735 1365; x_wconf 89' lang='lat' dir='ltr'>inquit</span> <span class='ocrx_word' id='word_1_72' title='bbox 752 1271 909 1351; x_wconf 75' lang='lat' dir='ltr'>Crassus,</span> <span class='ocrx_word' id='word_1_73' title='bbox 934 1294 973 1342; x_wconf 86' lang='lat' dir='ltr'>ac</span> <span class='ocrx_word' id='word_1_74' title='bbox 985 1269 1089 1342; x_wconf 90' lang='lat' dir='ltr'>doleo</span> <span class='ocrx_word' id='word_1_75' title='bbox 1102 1265 1242 1362; x_wconf 88' lang='lat' dir='ltr'>quidem</span> 
     </span>
     <span class='ocr_line' id='line_1_11' title="bbox 122 1367 1240 1465; baseline -0.011 -23"><span class='ocrx_word' id='word_1_76' title='bbox 122 1370 204 1442; x_wconf 84' lang='lat' dir='ltr'>illos</span> <span class='ocrx_word' id='word_1_77' title='bbox 220 1371 307 1444; x_wconf 89' lang='lat' dir='ltr'>viros</span> <span class='ocrx_word' id='word_1_78' title='bbox 332 1372 371 1442; x_wconf 93' lang='lat' dir='ltr'>in</span> <span class='ocrx_word' id='word_1_79' title='bbox 393 1395 468 1444; x_wconf 90' lang='lat' dir='ltr'>eam</span> <span class='ocrx_word' id='word_1_80' title='bbox 493 1369 679 1442; x_wconf 81' lang='lat' dir='ltr'>²fraudem</span> <span class='ocrx_word' id='word_1_81' title='bbox 696 1370 734 1440; x_wconf 92' lang='lat' dir='ltr'>in</span> <span class='ocrx_word' id='word_1_82' title='bbox 755 1369 940 1465; x_wconf 86' lang='lat' dir='ltr'>Republica</span> <span class='ocrx_word' id='word_1_83' title='bbox 964 1393 1044 1454; x_wconf 88' lang='lat' dir='ltr'>esse</span> <span class='ocrx_word' id='word_1_84' title='bbox 1066 1367 1240 1460; x_wconf 87' lang='lat' dir='ltr'>delapsos:</span> 
     </span>
     <span class='ocr_line' id='line_1_12' title="bbox 122 1460 1242 1566; baseline -0.01 -26"><span class='ocrx_word' id='word_1_85' title='bbox 122 1489 333 1566; x_wconf 88' lang='lat' dir='ltr'>quamquam</span> <span class='ocrx_word' id='word_1_86' title='bbox 346 1495 388 1542; x_wconf 90' lang='lat' dir='ltr'>ea</span> <span class='ocrx_word' id='word_1_87' title='bbox 401 1471 471 1540; x_wconf 90' lang='lat' dir='ltr'>tela</span> <span class='ocrx_word' id='word_1_88' title='bbox 483 1469 624 1548; x_wconf 83' lang='lat' dir='ltr'>texitur,</span> <span class='ocrx_word' id='word_1_89' title='bbox 651 1467 667 1515; x_wconf 77' lang='grc'>3</span> <span class='ocrx_word' id='word_1_90' title='bbox 682 1475 718 1538; x_wconf 90' lang='lat' dir='ltr'>et</span> <span class='ocrx_word' id='word_1_91' title='bbox 730 1491 770 1538; x_wconf 87' lang='lat' dir='ltr'>ea</span> <span class='ocrx_word' id='word_1_92' title='bbox 785 1466 947 1538; x_wconf 89' lang='lat' dir='ltr'>incitatur</span> <span class='ocrx_word' id='word_1_93' title='bbox 964 1467 1000 1537; x_wconf 93' lang='lat' dir='ltr'>in</span> <span class='ocrx_word' id='word_1_94' title='bbox 1013 1464 1148 1536; x_wconf 84' lang='lat' dir='ltr'>ciuitate</span> <span class='ocrx_word' id='word_1_95' title='bbox 1158 1460 1242 1537; x_wconf 87' lang='lat' dir='ltr'>ratio</span> 
     </span>
     <span class='ocr_line' id='line_1_13' title="bbox 122 1561 1245 1665; baseline -0.01 -28"><span class='ocrx_word' id='word_1_96' title='bbox 122 1567 273 1648; x_wconf 86' lang='lat' dir='ltr'>vivendi,</span> <span class='ocrx_word' id='word_1_97' title='bbox 296 1568 365 1640; x_wconf 62' lang='lat' dir='ltr'>*ac</span> <span class='ocrx_word' id='word_1_98' title='bbox 376 1565 569 1665; x_wconf 80' lang='lat' dir='ltr'>posteritati</span> <span class='ocrx_word' id='word_1_99' title='bbox 582 1565 800 1637; x_wconf 85' lang='lat' dir='ltr'>ostenditurs</span> <span class='ocrx_word' id='word_1_100' title='bbox 814 1575 855 1637; x_wconf 91' lang='lat' dir='ltr'>ut</span> <span class='ocrx_word' id='word_1_101' title='bbox 866 1587 991 1652; x_wconf 42' lang='lat' dir='ltr'>,eorum</span> <span class='ocrx_word' id='word_1_102' title='bbox 1004 1561 1139 1640; x_wconf 88' lang='lat' dir='ltr'>civium,</span> <span class='ocrx_word' id='word_1_103' title='bbox 1156 1579 1245 1653; x_wconf 87' lang='lat' dir='ltr'>qnos</span> 
     </span>
     <span class='ocr_line' id='line_1_14' title="bbox 128 1659 1240 1763; baseline -0.009 -27"><span class='ocrx_word' id='word_1_104' title='bbox 128 1663 240 1738; x_wconf 87' lang='lat' dir='ltr'>nostri</span> <span class='ocrx_word' id='word_1_105' title='bbox 255 1675 368 1763; x_wconf 89' lang='lat' dir='ltr'>patres</span> <span class='ocrx_word' id='word_1_106' title='bbox 381 1689 453 1737; x_wconf 91' lang='lat' dir='ltr'>non</span> <span class='ocrx_word' id='word_1_107' title='bbox 477 1663 650 1745; x_wconf 87' lang='lat' dir='ltr'>tulerunt,</span> <span class='ocrx_word' id='word_1_108' title='bbox 671 1663 739 1760; x_wconf 87' lang='lat' dir='ltr'>jam</span> <span class='ocrx_word' id='word_1_109' title='bbox 752 1662 878 1734; x_wconf 87' lang='lat' dir='ltr'>similes</span> <span class='ocrx_word' id='word_1_110' title='bbox 901 1662 1028 1735; x_wconf 85' lang='lat' dir='ltr'>habere</span> <span class='ocrx_word' id='word_1_111' title='bbox 1051 1659 1240 1755; x_wconf 84' lang='lat' dir='ltr'>cupiamus.</span> 
     </span>
     <span class='ocr_line' id='line_1_15' title="bbox 124 1759 1242 1859; baseline -0.01 -25"><span class='ocrx_word' id='word_1_112' title='bbox 124 1761 234 1834; x_wconf 73' lang='lat' dir='ltr'>Mitte</span> <span class='ocrx_word' id='word_1_113' title='bbox 250 1767 402 1845; x_wconf 81' lang='lat' dir='ltr'>obsecro,</span> <span class='ocrx_word' id='word_1_114' title='bbox 419 1763 545 1859; x_wconf 87' lang='lat' dir='ltr'>inquit,</span> <span class='ocrx_word' id='word_1_115' title='bbox 561 1762 699 1841; x_wconf 85' lang='lat' dir='ltr'>Crasse,</span> <span class='ocrx_word' id='word_1_116' title='bbox 711 1761 836 1839; x_wconf 90' lang='lat' dir='ltr'>Julius,</span> <span class='ocrx_word' id='word_1_117' title='bbox 860 1783 1055 1832; x_wconf 88' lang='lat' dir='ltr'>sermonem</span> <span class='ocrx_word' id='word_1_118' title='bbox 1073 1759 1191 1834; x_wconf 82' lang='lat' dir='ltr'>istnnr,</span> <span class='ocrx_word' id='word_1_119' title='bbox 1208 1763 1242 1824; x_wconf 92' lang='lat' dir='ltr'>et</span> 
     </span>
     <span class='ocr_line' id='line_1_16' title="bbox 124 1854 1243 1957; baseline -0.006 -28"><span class='ocrx_word' id='word_1_120' title='bbox 124 1868 163 1930; x_wconf 90' lang='lat' dir='ltr'>te</span> <span class='ocrx_word' id='word_1_121' title='bbox 178 1861 220 1931; x_wconf 87' lang='lat' dir='ltr'>ad</span> <span class='ocrx_word' id='word_1_122' title='bbox 234 1860 382 1937; x_wconf 83' lang='lat' dir='ltr'>Gracchi</span> <span class='ocrx_word' id='word_1_123' title='bbox 409 1861 561 1934; x_wconf 87' lang='lat' dir='ltr'>fistulam</span> <span class='ocrx_word' id='word_1_124' title='bbox 584 1861 683 1942; x_wconf 87' lang='lat' dir='ltr'>refer,</span> <span class='ocrx_word' id='word_1_125' title='bbox 710 1859 808 1957; x_wconf 88' lang='lat' dir='ltr'>cujus</span> <span class='ocrx_word' id='word_1_126' title='bbox 826 1882 893 1954; x_wconf 83' lang='lat' dir='ltr'>ego</span> <span class='ocrx_word' id='word_1_127' title='bbox 908 1858 1064 1932; x_wconf 91' lang='lat' dir='ltr'>nondum</span> <span class='ocrx_word' id='word_1_128' title='bbox 1081 1854 1183 1953; x_wconf 72' lang='lat' dir='ltr'>plane</span> <span class='ocrx_word' id='word_1_129' title='bbox 1196 1877 1243 1923; x_wconf 89' lang='lat' dir='ltr'>ra-</span> 
     </span>
     <span class='ocr_line' id='line_1_17' title="bbox 125 1956 441 2058; baseline 0.013 -30"><span class='ocrx_word' id='word_1_130' title='bbox 125 1956 259 2030; x_wconf 88' lang='lat' dir='ltr'>tionem</span> <span class='ocrx_word' id='word_1_131' title='bbox 270 1957 441 2058; x_wconf 81' lang='lat' dir='ltr'>intelligo.</span> 
     </span>
    </p>

    <p class='ocr_par' dir='ltr' id='par_1_3' title="bbox 21 2049 1247 2742">
     <span class='ocr_line' id='line_1_18' title="bbox 175 2049 1242 2153; baseline -0.007 -25"><span class='ocrx_word' id='word_1_132' title='bbox 175 2057 270 2128; x_wconf 91' lang='lat' dir='ltr'><strong>LXI.</strong></span> <span class='ocrx_word' id='word_1_133' title='bbox 298 2058 315 2129; x_wconf 94' lang='grc' dir='ltr'>Ι</span> <span class='ocrx_word' id='word_1_134' title='bbox 321 2085 343 2130; x_wconf 91' lang='lat' dir='ltr'>n</span> <span class='ocrx_word' id='word_1_135' title='bbox 357 2058 454 2131; x_wconf 90' lang='lat' dir='ltr'>omni</span> <span class='ocrx_word' id='word_1_136' title='bbox 465 2083 561 2140; x_wconf 85' lang='lat' dir='ltr'>voce,</span> <span class='ocrx_word' id='word_1_137' title='bbox 580 2055 695 2153; x_wconf 87' lang='lat' dir='ltr'>inquit</span> <span class='ocrx_word' id='word_1_138' title='bbox 712 2057 868 2140; x_wconf 86' lang='lat' dir='ltr'>Crassus,</span> <span class='ocrx_word' id='word_1_139' title='bbox 886 2065 940 2129; x_wconf 91' lang='lat' dir='ltr'>est</span> <span class='ocrx_word' id='word_1_140' title='bbox 961 2055 1124 2152; x_wconf 83' lang='lat' dir='ltr'>quiddam</span> <span class='ocrx_word' id='word_1_141' title='bbox 1137 2049 1242 2123; x_wconf 90' lang='lat' dir='ltr'>medi·</span> 
     </span>
     <span class='ocr_line' id='line_1_19' title="bbox 124 2154 1242 2254; baseline -0.007 -29"><span class='ocrx_word' id='word_1_142' title='bbox 124 2177 197 2235; x_wconf 87' lang='lat' dir='ltr'>um,</span> <span class='ocrx_word' id='word_1_143' title='bbox 215 2156 277 2227; x_wconf 89' lang='lat' dir='ltr'>sed</span> <span class='ocrx_word' id='word_1_144' title='bbox 291 2180 394 2229; x_wconf 90' lang='lat' dir='ltr'>suum</span> <span class='ocrx_word' id='word_1_145' title='bbox 406 2156 533 2254; x_wconf 84' lang='lat' dir='ltr'>cuique</span> <span class='ocrx_word' id='word_1_146' title='bbox 555 2155 644 2228; x_wconf 88' lang='lat' dir='ltr'>voci:</span> <span class='ocrx_word' id='word_1_147' title='bbox 671 2155 753 2227; x_wconf 91' lang='lat' dir='ltr'>hinc</span> <span class='ocrx_word' id='word_1_148' title='bbox 771 2156 938 2251; x_wconf 82' lang='lat' dir='ltr'>gradatim</span> <span class='ocrx_word' id='word_1_149' title='bbox 958 2154 1173 2228; x_wconf 85' lang='lat' dir='ltr'>adscendere</span> <span class='ocrx_word' id='word_1_150' title='bbox 1185 2173 1242 2218; x_wconf 81' lang='lat' dir='ltr'>vo-</span> 
     </span>
     <span class='ocr_line' id='line_1_20' title="bbox 126 2253 1244 2350; baseline -0.007 -26"><span class='ocrx_word' id='word_1_151' title='bbox 126 2276 216 2330; x_wconf 84' lang='lat' dir='ltr'>cem,</span> <span class='ocrx_word' id='word_1_152' title='bbox 230 2253 316 2325; x_wconf 87' lang='lat' dir='ltr'>utile</span> <span class='ocrx_word' id='word_1_153' title='bbox 329 2265 366 2326; x_wconf 92' lang='lat' dir='ltr'>et</span> <span class='ocrx_word' id='word_1_154' title='bbox 380 2279 484 2328; x_wconf 87' lang='lat' dir='ltr'>suave</span> <span class='ocrx_word' id='word_1_155' title='bbox 501 2261 575 2338; x_wconf 82' lang='lat' dir='ltr'>est3</span> <span class='ocrx_word' id='word_1_156' title='bbox 601 2257 732 2345; x_wconf 76' lang='lat' dir='ltr'>(namn</span> <span class='ocrx_word' id='word_1_157' title='bbox 749 2253 918 2350; x_wconf 89' lang='lat' dir='ltr'>principio</span> <span class='ocrx_word' id='word_1_158' title='bbox 939 2253 1094 2331; x_wconf 87' lang='lat' dir='ltr'>clamare,</span> <span class='ocrx_word' id='word_1_159' title='bbox 1110 2257 1244 2344; x_wconf 86' lang='lat' dir='ltr'>agreste</span> 
     </span>
     <span class='ocr_line' id='line_1_21' title="bbox 124 2344 1244 2446; baseline -0.007 -24"><span class='ocrx_word' id='word_1_160' title='bbox 124 2350 291 2446; x_wconf 83' lang='lat' dir='ltr'>quiddam</span> <span class='ocrx_word' id='word_1_161' title='bbox 308 2361 371 2433; x_wconf 89' lang='lat' dir='ltr'>est,</span> <span class='ocrx_word' id='word_1_162' title='bbox 389 2365 426 2424; x_wconf 89' lang='lat' dir='ltr'>et</span> <span class='ocrx_word' id='word_1_163' title='bbox 446 2349 532 2425; x_wconf 91' lang='lat' dir='ltr'>illud</span> <span class='ocrx_word' id='word_1_164' title='bbox 549 2353 639 2422; x_wconf 90' lang='lat' dir='ltr'>idem</span> <span class='ocrx_word' id='word_1_165' title='bbox 660 2351 727 2422; x_wconf 87' lang='lat' dir='ltr'>⁵ad</span> <span class='ocrx_word' id='word_1_166' title='bbox 743 2352 941 2439; x_wconf 79' lang='lat' dir='ltr'>firmandam</span> <span class='ocrx_word' id='word_1_167' title='bbox 959 2360 1013 2421; x_wconf 91' lang='lat' dir='ltr'>est</span> <span class='ocrx_word' id='word_1_168' title='bbox 1025 2370 1146 2421; x_wconf 88' lang='lat' dir='ltr'>vocem</span> <span class='ocrx_word' id='word_1_169' title='bbox 1159 2344 1244 2416; x_wconf 84' lang='lat' dir='ltr'>salu·</span> 
     </span>
     <span class='ocr_line' id='line_1_22' title="bbox 126 2441 1245 2546; baseline -0.006 -26"><span class='ocrx_word' id='word_1_170' title='bbox 126 2449 234 2540; x_wconf 87' lang='lat' dir='ltr'>tare);</span> <span class='ocrx_word' id='word_1_171' title='bbox 259 2449 387 2523; x_wconf 90' lang='lat' dir='ltr'>deinde</span> <span class='ocrx_word' id='word_1_172' title='bbox 403 2460 459 2523; x_wconf 89' lang='lat' dir='ltr'>est</span> <span class='ocrx_word' id='word_1_173' title='bbox 483 2449 645 2546; x_wconf 87' lang='lat' dir='ltr'>quiddam</span> <span class='ocrx_word' id='word_1_174' title='bbox 670 2449 909 2524; x_wconf 87' lang='lat' dir='ltr'>contentionis</span> <span class='ocrx_word' id='word_1_175' title='bbox 926 2455 1134 2539; x_wconf 70' lang='lat' dir='ltr'>extremum,</span> <span class='ocrx_word' id='word_1_176' title='bbox 1150 2441 1245 2542; x_wconf 88' lang='lat' dir='ltr'>quod</span> 
     </span>
     <span class='ocr_line' id='line_1_23' title="bbox 127 2543 1246 2644; baseline -0.006 -26"><span class='ocrx_word' id='word_1_177' title='bbox 127 2555 245 2618; x_wconf 88' lang='lat' dir='ltr'>tamen</span> <span class='ocrx_word' id='word_1_178' title='bbox 262 2547 407 2619; x_wconf 88' lang='lat' dir='ltr'>interius</span> <span class='ocrx_word' id='word_1_179' title='bbox 423 2559 491 2627; x_wconf 88' lang='lat' dir='ltr'>est,</span> <span class='ocrx_word' id='word_1_180' title='bbox 515 2551 625 2644; x_wconf 78' lang='lat' dir='ltr'>quarn</span> <span class='ocrx_word' id='word_1_181' title='bbox 640 2547 857 2623; x_wconf 85' lang='lat' dir='ltr'>acutissimus</span> <span class='ocrx_word' id='word_1_182' title='bbox 878 2547 1018 2628; x_wconf 89' lang='lat' dir='ltr'>clamor,</span> <span class='ocrx_word' id='word_1_183' title='bbox 1033 2543 1106 2643; x_wconf 83' lang='lat' dir='ltr'>qni&gt;</span> <span class='ocrx_word' id='word_1_184' title='bbox 1134 2555 1169 2616; x_wconf 88' lang='lat' dir='ltr'>te</span> <span class='ocrx_word' id='word_1_185' title='bbox 1192 2543 1246 2612; x_wconf 89' lang='lat' dir='ltr'>srs-</span> 
     </span>
     <span class='ocr_line' id='line_1_24' title="bbox 21 2642 1247 2742; baseline -0.002 -27"><span class='ocrx_word' id='word_1_186' title='bbox 21 2695 25 2702; x_wconf 83' lang='lat'><em>·</em></span> <span class='ocrx_word' id='word_1_187' title='bbox 126 2642 201 2715; x_wconf 89' lang='lat' dir='ltr'>tula</span> <span class='ocrx_word' id='word_1_188' title='bbox 217 2645 375 2740; x_wconf 71' lang='lat' dir='ltr'>progredi</span> <span class='ocrx_word' id='word_1_189' title='bbox 388 2669 462 2716; x_wconf 93' lang='lat' dir='ltr'>non</span> <span class='ocrx_word' id='word_1_190' title='bbox 478 2644 579 2726; x_wconf 86' lang='lat' dir='ltr'>sinet,</span> <span class='ocrx_word' id='word_1_191' title='bbox 598 2646 613 2690; x_wconf 81' lang='lat'><strong>⁶</strong></span> <span class='ocrx_word' id='word_1_192' title='bbox 627 2656 664 2718; x_wconf 91' lang='lat' dir='ltr'>ct</span> <span class='ocrx_word' id='word_1_193' title='bbox 679 2647 849 2718; x_wconf 88' lang='lat' dir='ltr'>tamenab</span> <span class='ocrx_word' id='word_1_194' title='bbox 864 2647 935 2742; x_wconf 89' lang='lat' dir='ltr'>ipsa</span> <span class='ocrx_word' id='word_1_195' title='bbox 957 2646 1186 2717; x_wconf 88' lang='lat' dir='ltr'>contentione</span> <span class='ocrx_word' id='word_1_196' title='bbox 1198 2663 1247 2712; x_wconf 86' lang='lat' dir='ltr'>re·</span> 
     </span>
    </p>

    <p class='ocr_par' dir='ltr' id='par_1_4' title="bbox 126 2767 1246 2924">
     <span class='ocr_line' id='line_1_25' title="bbox 168 2767 1246 2850; baseline 0.001 -26"><span class='ocrx_word' id='word_1_197' title='bbox 168 2767 345 2847; x_wconf 60' lang='lat' dir='ltr'>nfraadern]</span> <span class='ocrx_word' id='word_1_198' title='bbox 359 2771 540 2848; x_wconf 86' lang='lat' dir='ltr'>Plerumque</span> <span class='ocrx_word' id='word_1_199' title='bbox 558 2777 651 2842; x_wconf 75' lang='lat' dir='ltr'>jenua</span> <span class='ocrx_word' id='word_1_200' title='bbox 665 2771 810 2850; x_wconf 86' lang='lat' dir='ltr'>significat</span> <span class='ocrx_word' id='word_1_201' title='bbox 824 2771 946 2828; x_wconf 86' lang='lat' dir='ltr'>doluui:</span> <span class='ocrx_word' id='word_1_202' title='bbox 968 2773 1017 2830; x_wconf 89' lang='lat' dir='ltr'>hic</span> <span class='ocrx_word' id='word_1_203' title='bbox 1027 2769 1108 2835; x_wconf 75' lang='lat' dir='ltr'>verit,</span> <span class='ocrx_word' id='word_1_204' title='bbox 1135 2784 1165 2829; x_wconf 90' lang='lat' dir='ltr'>et</span> <span class='ocrx_word' id='word_1_205' title='bbox 1178 2769 1246 2830; x_wconf 88' lang='lat' dir='ltr'>alibi</span> 
     </span>
     <span class='ocr_line' id='line_1_26' title="bbox 126 2849 1246 2924; baseline -0.003 -18"><span class='ocrx_word' id='word_1_206' title='bbox 126 2864 184 2922; x_wconf 74' lang='lat' dir='ltr'>non</span> <span class='ocrx_word' id='word_1_207' title='bbox 200 2849 277 2917; x_wconf 80' lang='lat' dir='ltr'>rard,</span> <span class='ocrx_word' id='word_1_208' title='bbox 288 2849 394 2919; x_wconf 90' lang='lat' dir='ltr'>vitium</span> <span class='ocrx_word' id='word_1_209' title='bbox 409 2851 471 2908; x_wconf 89' lang='lat' dir='ltr'>sive</span> <span class='ocrx_word' id='word_1_210' title='bbox 485 2849 608 2912; x_wconf 87' lang='lat' dir='ltr'>crimen.</span> <span class='ocrx_word' id='word_1_211' title='bbox 651 2855 716 2910; x_wconf 84' lang='lat' dir='ltr'>Hoc</span> <span class='ocrx_word' id='word_1_212' title='bbox 730 2870 817 2910; x_wconf 89' lang='lat' dir='ltr'>sensu</span> <span class='ocrx_word' id='word_1_213' title='bbox 831 2863 988 2924; x_wconf 80' lang='lat' dir='ltr'>usurpatur</span> <span class='ocrx_word' id='word_1_214' title='bbox 1002 2869 1059 2908; x_wconf 86' lang='lat' dir='ltr'>vox</span> <span class='ocrx_word' id='word_1_215' title='bbox 1072 2850 1102 2907; x_wconf 92' lang='lat' dir='ltr'>in</span> <span class='ocrx_word' id='word_1_216' title='bbox 1115 2850 1133 2906; x_wconf 92' lang='lat' dir='ltr'>i.</span> <span class='ocrx_word' id='word_1_217' title='bbox 1150 2860 1195 2910; x_wconf 76' lang='lat'>54.</span> <span class='ocrx_word' id='word_1_218' title='bbox 1219 2852 1246 2904; x_wconf 77' lang='lat' dir='ltr'>er·</span> 
     </span>
    </p>
   </div>
   <div class='ocr_carea' id='block_1_3' title="bbox 124 2928 1255 4600">
    <p class='ocr_par' dir='ltr' id='par_1_5' title="bbox 124 2928 1245 3162">
     <span class='ocr_line' id='line_1_27' title="bbox 125 2928 1245 3005; baseline -0.002 -19"><span class='ocrx_word' id='word_1_219' title='bbox 125 2928 208 3005; x_wconf 72' lang='lat' dir='ltr'>fraus</span> <span class='ocrx_word' id='word_1_220' title='bbox 223 2933 354 2999; x_wconf 78' lang='lat' dir='ltr'>castitalis</span> <span class='ocrx_word' id='word_1_221' title='bbox 373 2949 431 2987; x_wconf 82' lang='lat' dir='ltr'>non</span> <span class='ocrx_word' id='word_1_222' title='bbox 444 2943 538 2989; x_wconf 85' lang='lat' dir='ltr'>esset:</span> <span class='ocrx_word' id='word_1_223' title='bbox 559 2929 631 2990; x_wconf 90' lang='lat' dir='ltr'>inii.</span> <span class='ocrx_word' id='word_1_224' title='bbox 649 2941 696 2990; x_wconf 79' lang='lat'>48.</span> <span class='ocrx_word' id='word_1_225' title='bbox 713 2937 746 3003; x_wconf 73' lang='lat' dir='ltr'>ia</span> <span class='ocrx_word' id='word_1_226' title='bbox 761 2933 790 2988; x_wconf 88' lang='lat' dir='ltr'>C.</span> <span class='ocrx_word' id='word_1_227' title='bbox 806 2933 941 2986; x_wconf 80' lang='lat' dir='ltr'>Norbano</span> <span class='ocrx_word' id='word_1_228' title='bbox 953 2936 982 2986; x_wconf 82' lang='lat' dir='ltr'>in</span> <span class='ocrx_word' id='word_1_229' title='bbox 995 2934 1109 3002; x_wconf 82' lang='lat' dir='ltr'>nesorio</span> <span class='ocrx_word' id='word_1_230' title='bbox 1128 2935 1245 2987; x_wconf 74' lang='lat' dir='ltr'>crinitae</span> 
     </span>
     <span class='ocr_line' id='line_1_28' title="bbox 124 3009 1244 3086; baseline 0 -21"><span class='ocrx_word' id='word_1_231' title='bbox 124 3021 213 3082; x_wconf 68' lang='lat' dir='ltr'>etque</span> <span class='ocrx_word' id='word_1_232' title='bbox 224 3015 255 3068; x_wconf 84' lang='lat' dir='ltr'>in</span> <span class='ocrx_word' id='word_1_233' title='bbox 269 3009 370 3068; x_wconf 84' lang='lat' dir='ltr'>fraude</span> <span class='ocrx_word' id='word_1_234' title='bbox 385 3014 500 3080; x_wconf 76' lang='lat' dir='ltr'>capitati</span> <span class='ocrx_word' id='word_1_235' title='bbox 510 3030 572 3068; x_wconf 78' lang='lat' dir='ltr'>csse</span> <span class='ocrx_word' id='word_1_236' title='bbox 580 3016 745 3080; x_wconf 74' lang='lat' dir='ltr'>ponendum</span> <span class='ocrx_word' id='word_1_237' title='bbox 754 3019 773 3070; x_wconf 81' lang='lat' dir='ltr'>r&#39;</span> <span class='ocrx_word' id='word_1_238' title='bbox 789 3010 860 3074; x_wconf 86' lang='lat' dir='ltr'>etin</span> <span class='ocrx_word' id='word_1_239' title='bbox 873 3011 928 3076; x_wconf 77' lang='lat' dir='ltr'>ur,</span> <span class='ocrx_word' id='word_1_240' title='bbox 942 3029 995 3086; x_wconf 88' lang='lat' dir='ltr'>pro</span> <span class='ocrx_word' id='word_1_241' title='bbox 1009 3011 1134 3070; x_wconf 87' lang='lat' dir='ltr'>Murena</span> <span class='ocrx_word' id='word_1_242' title='bbox 1148 3029 1172 3068; x_wconf 90' lang='lat' dir='ltr'>c.</span> <span class='ocrx_word' id='word_1_243' title='bbox 1198 3015 1244 3066; x_wconf 82' lang='lat'>35.</span> 
     </span>
     <span class='ocr_line' id='line_1_29' title="bbox 126 3089 724 3162; baseline -0.002 -15"><span class='ocrx_word' id='word_1_244' title='bbox 126 3093 153 3147; x_wconf 83' lang='lat' dir='ltr'>ic</span> <span class='ocrx_word' id='word_1_245' title='bbox 168 3095 225 3148; x_wconf 84' lang='lat' dir='ltr'>erit</span> <span class='ocrx_word' id='word_1_246' title='bbox 236 3091 298 3162; x_wconf 79' lang='lat' dir='ltr'>ejus</span> <span class='ocrx_word' id='word_1_247' title='bbox 312 3092 417 3144; x_wconf 70' lang='lat' dir='ltr'>vitrico</span> <span class='ocrx_word' id='word_1_248' title='bbox 432 3089 526 3147; x_wconf 87' lang='lat' dir='ltr'>fraudi</span> <span class='ocrx_word' id='word_1_249' title='bbox 539 3103 591 3148; x_wconf 85' lang='lat' dir='ltr'>nat</span> <span class='ocrx_word' id='word_1_250' title='bbox 605 3095 724 3148; x_wconf 82' lang='lat' dir='ltr'>crimini.</span> 
     </span>
    </p>

    <p class='ocr_par' dir='ltr' id='par_1_6' title="bbox 127 3167 1255 3786">
     <span class='ocr_line' id='line_1_30' title="bbox 171 3167 1243 3250; baseline -0.001 -27"><span class='ocrx_word' id='word_1_251' title='bbox 171 3175 187 3223; x_wconf 88' lang='grc'><strong>3</strong></span> <span class='ocrx_word' id='word_1_252' title='bbox 205 3170 245 3224; x_wconf 82' lang='lat' dir='ltr'>lit</span> <span class='ocrx_word' id='word_1_253' title='bbox 259 3189 291 3223; x_wconf 86' lang='lat' dir='ltr'>eo</span> <span class='ocrx_word' id='word_1_254' title='bbox 302 3167 436 3226; x_wconf 88' lang='lat' dir='ltr'>incitatur</span> <span class='ocrx_word' id='word_1_255' title='bbox 449 3172 480 3224; x_wconf 82' lang='lat' dir='ltr'>in</span> <span class='ocrx_word' id='word_1_256' title='bbox 495 3169 630 3250; x_wconf 80' lang='lat' dir='ltr'>ciuitate]</span> <span class='ocrx_word' id='word_1_257' title='bbox 645 3167 714 3228; x_wconf 85' lang='lat' dir='ltr'>Vox</span> <span class='ocrx_word' id='word_1_258' title='bbox 729 3175 866 3230; x_wconf 81' lang='lat' dir='ltr'>incitatur</span> <span class='ocrx_word' id='word_1_259' title='bbox 880 3170 986 3244; x_wconf 67' lang='lat' dir='ltr'>abestis</span> <span class='ocrx_word' id='word_1_260' title='bbox 1005 3167 1101 3227; x_wconf 88' lang='lat' dir='ltr'>MStis</span> <span class='ocrx_word' id='word_1_261' title='bbox 1118 3169 1179 3228; x_wconf 81' lang='lat' dir='ltr'>Pal.</span> <span class='ocrx_word' id='word_1_262' title='bbox 1200 3185 1243 3242; x_wconf 90' lang='lat' dir='ltr'>pr.</span> 
     </span>
     <span class='ocr_line' id='line_1_31' title="bbox 127 3245 1246 3324; baseline 0 -20"><span class='ocrx_word' id='word_1_263' title='bbox 127 3259 160 3308; x_wconf 90' lang='lat' dir='ltr'>et</span> <span class='ocrx_word' id='word_1_264' title='bbox 170 3267 228 3306; x_wconf 88' lang='lat' dir='ltr'>sec.</span> <span class='ocrx_word' id='word_1_265' title='bbox 249 3246 341 3305; x_wconf 76' lang='lat' dir='ltr'>aPith</span> <span class='ocrx_word' id='word_1_266' title='bbox 365 3248 492 3308; x_wconf 77' lang='lat' dir='ltr'>inan-et·</span> <span class='ocrx_word' id='word_1_267' title='bbox 504 3249 589 3308; x_wconf 87' lang='lat' dir='ltr'>Harl.</span> <span class='ocrx_word' id='word_1_268' title='bbox 610 3269 654 3324; x_wconf 87' lang='lat' dir='ltr'>pr.</span> <span class='ocrx_word' id='word_1_269' title='bbox 670 3253 723 3309; x_wconf 87' lang='lat' dir='ltr'>sed</span> <span class='ocrx_word' id='word_1_270' title='bbox 745 3265 842 3308; x_wconf 87' lang='lat' dir='ltr'>tamen</span> <span class='ocrx_word' id='word_1_271' title='bbox 865 3250 1011 3307; x_wconf 82' lang='lat' dir='ltr'>retinenda</span> <span class='ocrx_word' id='word_1_272' title='bbox 1037 3249 1159 3316; x_wconf 85' lang='lat' dir='ltr'>videtur,</span> <span class='ocrx_word' id='word_1_273' title='bbox 1174 3245 1246 3304; x_wconf 87' lang='lat' dir='ltr'>cinn</span> 
     </span>
     <span class='ocr_line' id='line_1_32' title="bbox 128 3325 1246 3404; baseline -0.001 -20"><span class='ocrx_word' id='word_1_274' title='bbox 128 3345 261 3403; x_wconf 89' lang='lat' dir='ltr'>peream</span> <span class='ocrx_word' id='word_1_275' title='bbox 276 3325 368 3401; x_wconf 82' lang='lat' dir='ltr'>possis</span> <span class='ocrx_word' id='word_1_276' title='bbox 387 3327 562 3403; x_wconf 85' lang='lat' dir='ltr'>intelligere,</span> <span class='ocrx_word' id='word_1_277' title='bbox 576 3343 722 3404; x_wconf 80' lang='lat' dir='ltr'>properat,</span> <span class='ocrx_word' id='word_1_278' title='bbox 745 3331 861 3388; x_wconf 83' lang='lat' dir='ltr'>festinat</span> <span class='ocrx_word' id='word_1_279' title='bbox 884 3349 936 3388; x_wconf 86' lang='lat' dir='ltr'>seu</span> <span class='ocrx_word' id='word_1_280' title='bbox 962 3328 1057 3404; x_wconf 81' lang='lat' dir='ltr'>potitis</span> <span class='ocrx_word' id='word_1_281' title='bbox 1077 3329 1246 3390; x_wconf 85' lang='lat' dir='ltr'>festinanter</span> 
     </span>
     <span class='ocr_line' id='line_1_33' title="bbox 128 3399 1246 3487; baseline 0 -24"><span class='ocrx_word' id='word_1_282' title='bbox 128 3399 272 3482; x_wconf 75' lang='lat' dir='ltr'>procedit,</span> <span class='ocrx_word' id='word_1_283' title='bbox 287 3405 306 3462; x_wconf 88' lang='lat' dir='ltr'>i.</span> <span class='ocrx_word' id='word_1_284' title='bbox 321 3424 346 3465; x_wconf 89' lang='lat' dir='ltr'>e.</span> <span class='ocrx_word' id='word_1_285' title='bbox 361 3406 419 3476; x_wconf 82' lang='lat' dir='ltr'>cito</span> <span class='ocrx_word' id='word_1_286' title='bbox 434 3410 526 3483; x_wconf 83' lang='lat' dir='ltr'>gradu</span> <span class='ocrx_word' id='word_1_287' title='bbox 537 3409 571 3465; x_wconf 85' lang='lat' dir='ltr'>ad</span> <span class='ocrx_word' id='word_1_288' title='bbox 582 3429 632 3466; x_wconf 87' lang='lat' dir='ltr'>eos</span> <span class='ocrx_word' id='word_1_289' title='bbox 649 3429 746 3468; x_wconf 90' lang='lat' dir='ltr'>mores</span> <span class='ocrx_word' id='word_1_290' title='bbox 759 3412 883 3487; x_wconf 75' lang='lat' dir='ltr'>eamque</span> <span class='ocrx_word' id='word_1_291' title='bbox 897 3406 1013 3466; x_wconf 89' lang='lat' dir='ltr'>vivendi</span> <span class='ocrx_word' id='word_1_292' title='bbox 1027 3409 1170 3467; x_wconf 85' lang='lat' dir='ltr'>rationem</span> <span class='ocrx_word' id='word_1_293' title='bbox 1181 3426 1246 3484; x_wconf 89' lang='lat' dir='ltr'>per·</span> 
     </span>
     <span class='ocr_line' id='line_1_34' title="bbox 128 3486 1252 3555; baseline 0 -12"><span class='ocrx_word' id='word_1_294' title='bbox 128 3487 285 3544; x_wconf 73' lang='lat' dir='ltr'>uenimus:</span> <span class='ocrx_word' id='word_1_295' title='bbox 308 3486 397 3548; x_wconf 87' lang='lat' dir='ltr'>simili</span> <span class='ocrx_word' id='word_1_296' title='bbox 423 3488 512 3546; x_wconf 85' lang='lat' dir='ltr'>modo</span> <span class='ocrx_word' id='word_1_297' title='bbox 536 3489 644 3547; x_wconf 89' lang='lat' dir='ltr'>Noster</span> <span class='ocrx_word' id='word_1_298' title='bbox 659 3495 732 3547; x_wconf 84' lang='lat' dir='ltr'>usirs</span> <span class='ocrx_word' id='word_1_299' title='bbox 746 3503 792 3548; x_wconf 88' lang='lat' dir='ltr'>est</span> <span class='ocrx_word' id='word_1_300' title='bbox 804 3493 892 3548; x_wconf 90' lang='lat' dir='ltr'>verbo</span> <span class='ocrx_word' id='word_1_301' title='bbox 904 3494 1021 3547; x_wconf 78' lang='lat' dir='ltr'>incitare</span> <span class='ocrx_word' id='word_1_302' title='bbox 1038 3512 1050 3555; x_wconf 93' lang='lat'>,·</span> <span class='ocrx_word' id='word_1_303' title='bbox 1071 3503 1103 3547; x_wconf 91' lang='lat' dir='ltr'>ut</span> <span class='ocrx_word' id='word_1_304' title='bbox 1124 3490 1160 3545; x_wconf 91' lang='lat' dir='ltr'>de</span> <span class='ocrx_word' id='word_1_305' title='bbox 1177 3487 1252 3553; x_wconf 79' lang='lat' dir='ltr'>Nat.¹</span> 
     </span>
     <span class='ocr_line' id='line_1_35' title="bbox 129 3561 1255 3646; baseline -0.004 -22"><span class='ocrx_word' id='word_1_306' title='bbox 129 3563 220 3625; x_wconf 83' lang='lat' dir='ltr'>Deor.</span> <span class='ocrx_word' id='word_1_307' title='bbox 236 3565 258 3624; x_wconf 87' lang='lat' dir='ltr'>ii</span> <span class='ocrx_word' id='word_1_308' title='bbox 280 3573 328 3624; x_wconf 82' lang='lat'>40.</span> <span class='ocrx_word' id='word_1_309' title='bbox 343 3587 465 3640; x_wconf 81' lang='lat' dir='ltr'>qrtarum</span> <span class='ocrx_word' id='word_1_310' title='bbox 477 3565 532 3644; x_wconf 89' lang='lat' dir='ltr'>(sc.</span> <span class='ocrx_word' id='word_1_311' title='bbox 546 3569 711 3646; x_wconf 85' lang='lat' dir='ltr'>stellarum)</span> <span class='ocrx_word' id='word_1_312' title='bbox 726 3583 819 3626; x_wconf 84' lang='lat' dir='ltr'>motus</span> <span class='ocrx_word' id='word_1_313' title='bbox 829 3581 888 3624; x_wconf 83' lang='lat' dir='ltr'>tam</span> <span class='ocrx_word' id='word_1_314' title='bbox 907 3568 1070 3637; x_wconf 80' lang='lat' dir='ltr'>incitantur,</span> <span class='ocrx_word' id='word_1_315' title='bbox 1082 3561 1138 3624; x_wconf 81' lang='lat' dir='ltr'>tum</span> <span class='ocrx_word' id='word_1_316' title='bbox 1153 3581 1255 3623; x_wconf 47' lang='lat' dir='ltr'>retur*</span> 
     </span>
     <span class='ocr_line' id='line_1_36' title="bbox 129 3648 1248 3722; baseline -0.002 -20"><span class='ocrx_word' id='word_1_317' title='bbox 129 3649 246 3716; x_wconf 72' lang='lat' dir='ltr'>dantur,</span> <span class='ocrx_word' id='word_1_318' title='bbox 256 3656 330 3716; x_wconf 77' lang='lat' dir='ltr'>selae</span> <span class='ocrx_word' id='word_1_319' title='bbox 345 3651 428 3704; x_wconf 81' lang='lat' dir='ltr'>etiam</span> <span class='ocrx_word' id='word_1_320' title='bbox 441 3651 578 3704; x_wconf 80' lang='lat' dir='ltr'>insistant</span> <span class='ocrx_word' id='word_1_321' title='bbox 589 3659 637 3706; x_wconf 87' lang='lat' dir='ltr'>:et</span> <span class='ocrx_word' id='word_1_322' title='bbox 651 3648 700 3706; x_wconf 86' lang='lat' dir='ltr'>hic</span> <span class='ocrx_word' id='word_1_323' title='bbox 713 3649 744 3707; x_wconf 88' lang='lat' dir='ltr'>in</span> <span class='ocrx_word' id='word_1_324' title='bbox 755 3649 785 3708; x_wconf 85' lang='lat' dir='ltr'>ii.</span> <span class='ocrx_word' id='word_1_325' title='bbox 798 3653 992 3722; x_wconf 81' lang='lat' dir='ltr'>35.ingenium</span> <span class='ocrx_word' id='word_1_326' title='bbox 1003 3650 1151 3722; x_wconf 74' lang='lat' dir='ltr'>diligentia</span> <span class='ocrx_word' id='word_1_327' title='bbox 1164 3651 1248 3722; x_wconf 78' lang='lat' dir='ltr'>etiarn</span> 
     </span>
     <span class='ocr_line' id='line_1_37' title="bbox 129 3727 446 3786; baseline 0.009 -6"><span class='ocrx_word' id='word_1_328' title='bbox 129 3745 168 3780; x_wconf 75' lang='lat' dir='ltr'>ex</span> <span class='ocrx_word' id='word_1_329' title='bbox 182 3730 322 3783; x_wconf 73' lang='lat' dir='ltr'>tarditate</span> <span class='ocrx_word' id='word_1_330' title='bbox 337 3727 446 3786; x_wconf 85' lang='lat' dir='ltr'>incitat.</span> 
     </span>
    </p>

    <p class='ocr_par' dir='ltr' id='par_1_7' title="bbox 130 3801 1247 3963">
     <span class='ocr_line' id='line_1_38' title="bbox 168 3801 1247 3887; baseline 0.006 -27"><span class='ocrx_word' id='word_1_331' title='bbox 168 3812 187 3860; x_wconf 85' lang='lat'><em>4</em></span> <span class='ocrx_word' id='word_1_332' title='bbox 200 3822 234 3860; x_wconf 86' lang='lat' dir='ltr'>ac</span> <span class='ocrx_word' id='word_1_333' title='bbox 245 3803 427 3887; x_wconf 66' lang='lat' dir='ltr'>noetnirati]</span> <span class='ocrx_word' id='word_1_334' title='bbox 447 3811 562 3864; x_wconf 82' lang='lat' dir='ltr'>Omnes</span> <span class='ocrx_word' id='word_1_335' title='bbox 573 3805 633 3864; x_wconf 67' lang='lat' dir='ltr'>fert</span> <span class='ocrx_word' id='word_1_336' title='bbox 658 3808 739 3867; x_wconf 84' lang='lat' dir='ltr'>MSti</span> <span class='ocrx_word' id='word_1_337' title='bbox 752 3828 810 3872; x_wconf 88' lang='lat' dir='ltr'>uno</span> <span class='ocrx_word' id='word_1_338' title='bbox 824 3828 874 3880; x_wconf 84' lang='lat' dir='ltr'>ora</span> <span class='ocrx_word' id='word_1_339' title='bbox 889 3801 1035 3870; x_wconf 72' lang='lat' dir='ltr'>habentne</span> <span class='ocrx_word' id='word_1_340' title='bbox 1050 3812 1247 3880; x_wconf 69' lang='lat' dir='ltr'>posteritatis,</span> 
     </span>
     <span class='ocr_line' id='line_1_39' title="bbox 130 3882 1226 3963; baseline 0 -22"><span class='ocrx_word' id='word_1_341' title='bbox 130 3882 289 3960; x_wconf 80' lang='lat' dir='ltr'>quodcum</span> <span class='ocrx_word' id='word_1_342' title='bbox 301 3885 370 3944; x_wconf 82' lang='lat' dir='ltr'>ferri</span> <span class='ocrx_word' id='word_1_343' title='bbox 384 3905 441 3944; x_wconf 89' lang='lat' dir='ltr'>non</span> <span class='ocrx_word' id='word_1_344' title='bbox 455 3885 555 3960; x_wconf 85' lang='lat' dir='ltr'>possit,</span> <span class='ocrx_word' id='word_1_345' title='bbox 570 3887 672 3946; x_wconf 86' lang='lat' dir='ltr'>malim</span> <span class='ocrx_word' id='word_1_346' title='bbox 690 3893 788 3962; x_wconf 76' lang='lat' dir='ltr'>legere</span> <span class='ocrx_word' id='word_1_347' title='bbox 803 3907 835 3946; x_wconf 87' lang='lat' dir='ltr'>ac</span> <span class='ocrx_word' id='word_1_348' title='bbox 850 3890 973 3963; x_wconf 85' lang='lat' dir='ltr'>posteris</span> <span class='ocrx_word' id='word_1_349' title='bbox 989 3894 1158 3956; x_wconf 76' lang='lat' dir='ltr'>ostenditur,</span> <span class='ocrx_word' id='word_1_350' title='bbox 1172 3901 1226 3946; x_wconf 89' lang='lat' dir='ltr'>etc.</span> 
     </span>
    </p>

    <p class='ocr_par' dir='ltr' id='par_1_8' title="bbox 127 3962 1249 4280">
     <span class='ocr_line' id='line_1_40' title="bbox 171 3962 1248 4046; baseline 0.006 -27"><span class='ocrx_word' id='word_1_351' title='bbox 171 3975 186 4019; x_wconf 86' lang='lat'><em>5</em></span> <span class='ocrx_word' id='word_1_352' title='bbox 202 3965 241 4016; x_wconf 83' lang='lat' dir='ltr'>ad</span> <span class='ocrx_word' id='word_1_353' title='bbox 254 3962 424 4024; x_wconf 85' lang='lat' dir='ltr'>firmandam</span> <span class='ocrx_word' id='word_1_354' title='bbox 440 3965 483 4024; x_wconf 82' lang='lat' dir='ltr'>esi</span> <span class='ocrx_word' id='word_1_355' title='bbox 497 3964 612 4044; x_wconf 81' lang='lat' dir='ltr'>vocem]</span> <span class='ocrx_word' id='word_1_356' title='bbox 633 3967 936 4044; x_wconf 74' lang='lat' dir='ltr'>Vulgdstrrnandum,</span> <span class='ocrx_word' id='word_1_357' title='bbox 950 3989 1008 4046; x_wconf 91' lang='lat' dir='ltr'>quo</span> <span class='ocrx_word' id='word_1_358' title='bbox 1039 3969 1086 4028; x_wconf 89' lang='lat' dir='ltr'>uid</span> <span class='ocrx_word' id='word_1_359' title='bbox 1101 3967 1203 4026; x_wconf 86' lang='lat' dir='ltr'>durius</span> <span class='ocrx_word' id='word_1_360' title='bbox 1218 3977 1248 4025; x_wconf 82' lang='lat' dir='ltr'>et</span> 
     </span>
     <span class='ocr_line' id='line_1_41' title="bbox 127 3992 1247 4117; baseline 0 -15"><span class='ocrx_word' id='word_1_361' title='bbox 127 4039 229 4102; x_wconf 81' lang='lat' dir='ltr'>minus</span> <span class='ocrx_word' id='word_1_362' title='bbox 239 4044 359 4117; x_wconf 84' lang='lat' dir='ltr'>elegans</span> <span class='ocrx_word' id='word_1_363' title='bbox 374 4044 384 4099; x_wconf 78' lang='grc' dir='ltr'>ἰ</span> <span class='ocrx_word' id='word_1_364' title='bbox 406 4045 510 4104; x_wconf 86' lang='lat' dir='ltr'>melior</span> <span class='ocrx_word' id='word_1_365' title='bbox 536 4047 616 4106; x_wconf 70' lang='lat' dir='ltr'>certic</span> <span class='ocrx_word' id='word_1_366' title='bbox 632 4061 677 4106; x_wconf 87' lang='lat' dir='ltr'>est</span> <span class='ocrx_word' id='word_1_367' title='bbox 703 4049 857 4106; x_wconf 89' lang='lat' dir='ltr'>MStorurn</span> <span class='ocrx_word' id='word_1_368' title='bbox 873 4051 953 4108; x_wconf 80' lang='lat' dir='ltr'>ioan.</span> <span class='ocrx_word' id='word_1_369' title='bbox 967 4063 996 4108; x_wconf 88' lang='lat' dir='ltr'>et</span> <span class='ocrx_word' id='word_1_370' title='bbox 1013 3992 1092 4108; x_wconf 69' lang='lat' dir='ltr'>llari.</span> <span class='ocrx_word' id='word_1_371' title='bbox 1114 4056 1134 4102; x_wconf 88' lang='lat'>1.</span> <span class='ocrx_word' id='word_1_372' title='bbox 1149 4047 1247 4114; x_wconf 87' lang='lat' dir='ltr'>lectio,</span> 
     </span>
     <span class='ocr_line' id='line_1_42' title="bbox 128 4121 1249 4202; baseline 0.004 -24"><span class='ocrx_word' id='word_1_373' title='bbox 128 4125 169 4195; x_wconf 65' lang='lat' dir='ltr'>ed</span> <span class='ocrx_word' id='word_1_374' title='bbox 191 4121 363 4178; x_wconf 86' lang='lat' dir='ltr'>firmandam</span> <span class='ocrx_word' id='word_1_375' title='bbox 387 4137 428 4177; x_wconf 79' lang='lat' dir='ltr'>eat</span> <span class='ocrx_word' id='word_1_376' title='bbox 447 4133 544 4184; x_wconf 82' lang='lat' dir='ltr'>vocem</span> <span class='ocrx_word' id='word_1_377' title='bbox 558 4134 710 4192; x_wconf 68' lang='lat' dir='ltr'>salutaret</span> <span class='ocrx_word' id='word_1_378' title='bbox 730 4129 883 4188; x_wconf 79' lang='lat' dir='ltr'>eteoclem</span> <span class='ocrx_word' id='word_1_379' title='bbox 911 4129 998 4186; x_wconf 90' lang='lat' dir='ltr'>mo&#39;do</span> <span class='ocrx_word' id='word_1_380' title='bbox 1015 4125 1165 4202; x_wconf 87' lang='lat' dir='ltr'>impressit</span> <span class='ocrx_word' id='word_1_381' title='bbox 1179 4128 1249 4184; x_wconf 88' lang='lat' dir='ltr'>Car.</span> 
     </span>
     <span class='ocr_line' id='line_1_43' title="bbox 130 4200 1043 4280; baseline 0.007 -22"><span class='ocrx_word' id='word_1_382' title='bbox 130 4202 308 4276; x_wconf 80' lang='lat' dir='ltr'>Stephanus,</span> <span class='ocrx_word' id='word_1_383' title='bbox 329 4200 408 4276; x_wconf 80' lang='lat' dir='ltr'>qudd</span> <span class='ocrx_word' id='word_1_384' title='bbox 417 4200 446 4258; x_wconf 92' lang='lat' dir='ltr'>in</span> <span class='ocrx_word' id='word_1_385' title='bbox 460 4205 606 4264; x_wconf 86' lang='lat' dir='ltr'>veteribus</span> <span class='ocrx_word' id='word_1_386' title='bbox 620 4205 701 4270; x_wconf 85' lang='lat' dir='ltr'>libris</span> <span class='ocrx_word' id='word_1_387' title='bbox 714 4204 822 4264; x_wconf 89' lang='lat' dir='ltr'>invenit</span> <span class='ocrx_word' id='word_1_388' title='bbox 836 4209 1043 4280; x_wconf 80' lang='lat' dir='ltr'>affirmandam.</span> 
     </span>
    </p>

    <p class='ocr_par' dir='ltr' id='par_1_9' title="bbox 127 4279 1249 4600">
     <span class='ocr_line' id='line_1_44' title="bbox 171 4279 1249 4364; baseline 0.009 -30"><span class='ocrx_word' id='word_1_389' title='bbox 171 4289 187 4335; x_wconf 84' lang='lat'>6</span> <span class='ocrx_word' id='word_1_390' title='bbox 199 4283 240 4335; x_wconf 85' lang='lat' dir='ltr'>Et</span> <span class='ocrx_word' id='word_1_391' title='bbox 253 4295 355 4340; x_wconf 80' lang='lat' dir='ltr'>tamen.</span> <span class='ocrx_word' id='word_1_392' title='bbox 368 4279 441 4358; x_wconf 79' lang='lat' dir='ltr'>ete]</span> <span class='ocrx_word' id='word_1_393' title='bbox 463 4301 503 4339; x_wconf 88' lang='lat' dir='ltr'>sc.</span> <span class='ocrx_word' id='word_1_394' title='bbox 518 4288 631 4360; x_wconf 86' lang='lat' dir='ltr'>quando</span> <span class='ocrx_word' id='word_1_395' title='bbox 641 4283 745 4353; x_wconf 84' lang='lat' dir='ltr'>oratori</span> <span class='ocrx_word' id='word_1_396' title='bbox 759 4302 815 4344; x_wconf 91' lang='lat' dir='ltr'>non</span> <span class='ocrx_word' id='word_1_397' title='bbox 834 4305 911 4364; x_wconf 89' lang='lat' dir='ltr'>opus</span> <span class='ocrx_word' id='word_1_398' title='bbox 930 4297 974 4344; x_wconf 85' lang='lat' dir='ltr'>est</span> <span class='ocrx_word' id='word_1_399' title='bbox 988 4287 1182 4356; x_wconf 85' lang='lat' dir='ltr'>contentione,</span> <span class='ocrx_word' id='word_1_400' title='bbox 1197 4287 1249 4346; x_wconf 86' lang='lat' dir='ltr'>sed</span> 
     </span>
     <span class='ocr_line' id='line_1_45' title="bbox 130 4358 1248 4440; baseline 0.009 -25"><span class='ocrx_word' id='word_1_401' title='bbox 130 4358 286 4418; x_wconf 82' lang='lat' dir='ltr'>remissius</span> <span class='ocrx_word' id='word_1_402' title='bbox 300 4359 415 4419; x_wconf 89' lang='lat' dir='ltr'>dicendi</span> <span class='ocrx_word' id='word_1_403' title='bbox 438 4379 534 4436; x_wconf 82' lang='lat' dir='ltr'>genus</span> <span class='ocrx_word' id='word_1_404' title='bbox 547 4364 633 4422; x_wconf 84' lang='lat' dir='ltr'>alicui</span> <span class='ocrx_word' id='word_1_405' title='bbox 648 4363 785 4422; x_wconf 80' lang='lat' dir='ltr'>orationis</span> <span class='ocrx_word' id='word_1_406' title='bbox 807 4367 882 4440; x_wconf 86' lang='lat' dir='ltr'>parti</span> <span class='ocrx_word' id='word_1_407' title='bbox 896 4363 990 4440; x_wconf 80' lang='lat' dir='ltr'>magis</span> <span class='ocrx_word' id='word_1_408' title='bbox 1004 4367 1160 4425; x_wconf 80' lang='lat' dir='ltr'>convenit:</span> <span class='ocrx_word' id='word_1_409' title='bbox 1182 4381 1248 4424; x_wconf 77' lang='lat' dir='ltr'>narn</span> 
     </span>
     <span class='ocr_line' id='line_1_46' title="bbox 128 4436 1248 4516; baseline 0.004 -21"><span class='ocrx_word' id='word_1_410' title='bbox 128 4436 160 4495; x_wconf 92' lang='lat' dir='ltr'>in</span> <span class='ocrx_word' id='word_1_411' title='bbox 171 4455 233 4512; x_wconf 86' lang='lat' dir='ltr'>cap.</span> <span class='ocrx_word' id='word_1_412' title='bbox 248 4442 432 4513; x_wconf 84' lang='lat' dir='ltr'>praecedente</span> <span class='ocrx_word' id='word_1_413' title='bbox 448 4441 554 4500; x_wconf 89' lang='lat' dir='ltr'>dicitur</span> <span class='ocrx_word' id='word_1_414' title='bbox 568 4445 603 4502; x_wconf 84' lang='lat' dir='ltr'>de</span> <span class='ocrx_word' id='word_1_415' title='bbox 618 4443 750 4502; x_wconf 87' lang='lat' dir='ltr'>Gracchi</span> <span class='ocrx_word' id='word_1_416' title='bbox 764 4442 868 4502; x_wconf 84' lang='lat' dir='ltr'>listulae</span> <span class='ocrx_word' id='word_1_417' title='bbox 883 4463 961 4506; x_wconf 83' lang='lat' dir='ltr'>sono,</span> <span class='ocrx_word' id='word_1_418' title='bbox 975 4464 1029 4516; x_wconf 83' lang='lat' dir='ltr'>qao</span> <span class='ocrx_word' id='word_1_419' title='bbox 1039 4449 1113 4502; x_wconf 83' lang='lat' dir='ltr'>ittam</span> <span class='ocrx_word' id='word_1_420' title='bbox 1128 4462 1179 4501; x_wconf 85' lang='lat' dir='ltr'>aar</span> <span class='ocrx_word' id='word_1_421' title='bbox 1203 4467 1248 4502; x_wconf 85' lang='lat' dir='ltr'>re·</span> 
     </span>
     <span class='ocr_line' id='line_1_47' title="bbox 127 4519 1248 4600; baseline 0.005 -24"><span class='ocrx_word' id='word_1_422' title='bbox 127 4522 244 4576; x_wconf 81' lang='lat' dir='ltr'>ratarum</span> <span class='ocrx_word' id='word_1_423' title='bbox 262 4527 412 4593; x_wconf 75' lang='lat' dir='ltr'>excitarer,</span> <span class='ocrx_word' id='word_1_424' title='bbox 423 4533 473 4579; x_wconf 85' lang='lat' dir='ltr'>aut</span> <span class='ocrx_word' id='word_1_425' title='bbox 489 4519 696 4582; x_wconf 61' lang='lat' dir='ltr'>&amp;contentione</span> <span class='ocrx_word' id='word_1_426' title='bbox 712 4536 874 4582; x_wconf 81' lang='lat' dir='ltr'>revocaret.</span> <span class='ocrx_word' id='word_1_427' title='bbox 915 4525 984 4582; x_wconf 88' lang='lat' dir='ltr'>Non</span> <span class='ocrx_word' id='word_1_428' title='bbox 997 4536 1096 4586; x_wconf 85' lang='lat' dir='ltr'>tamen</span> <span class='ocrx_word' id='word_1_429' title='bbox 1115 4525 1248 4600; x_wconf 85' lang='lat' dir='ltr'>displice·</span> 
     </span>
    </p>
   </div>
   <div class='ocr_carea' id='block_1_4' title="bbox 0 0 1459 5012">
    <p class='ocr_par' dir='ltr' id='par_1_10' title="bbox 0 0 1459 5012">
     <span class='ocr_line' id='line_1_48' title="bbox 0 0 1459 5012; baseline 0 0"><span class='ocrx_word' id='word_1_430' title='bbox 0 0 1459 5012; x_wconf 95' lang='lat' dir='ltr'> </span> 
     </span>
    </p>
   </div>
  </div>
 </body>
</html>
