2830 5014
215 309 269 364 trs
630 299 689 364 DE
706 303 911 366 ORATORB

210 449 352 526 hercule
374 448 488 522 curnis
514 447 604 532 baec,
626 475 708 549 quse
734 457 754 527 a
777 477 833 528 ma
855 453 898 525 de
926 447 1057 526 facetiis
1080 447 1328 548 disputantur,

209 571 281 620 non
295 549 422 646 majom
431 551 622 624 t'orensium
633 551 819 630 actionum,
836 554 943 647 quim
954 551 1106 622 omnium
1119 571 1330 621 sermonum

209 645 433 718 condimenta
457 656 550 719 suot.
618 649 708 722 Nam
734 648 828 744 quod
855 649 946 743 apud
973 648 1145 721 Catonem
1169 657 1237 725 est,
1257 644 1329 742 qui

207 745 318 816 multa
332 745 463 824 retulit,
475 769 520 818 ex
531 746 685 842 quibnsa
700 771 756 818 me
766 744 914 841 exempli
929 768 1049 834 caussa
1062 746 1174 818 multa
1185 767 1329 841 ponun-

206 849 276 922 tur,
293 865 354 938 per
365 843 447 916 mibi
464 844 589 918 scitum
604 842 747 926 videtur,
763 843 804 914 C.
823 841 1015 915 Publicium
1031 841 1174 916 solitum
1190 841 1330 922 dicere,

206 939 251 1010 P.
270 941 481 1014 Mummium
507 944 616 1013 cuivis
629 943 773 1038 tempori
796 943 962 1014 bominum
978 965 1072 1014 esse:
1097 939 1146 1012 sic
1162 935 1332 1036 profecto

205 1058 262 1106 res
278 1060 317 1108 ee
334 1038 447 1118 babet,
472 1039 608 1112 nullum
635 1047 678 1113 ut
696 1041 742 1113 sit
759 1039 846 1114 vitae,
857 1051 1008 1138 tempus,
1033 1039 1071 1112 in
1087 1061 1158 1135 quo
1172 1061 1246 1112 non
1262 1037 1336 1108 de-

204 1141 282 1204 ceat
295 1133 447 1232 leporem
456 1133 773 1234 humanitatemque
789 1137 922 1212 versari.
972 1136 1042 1209 Sed
1067 1135 1170 1210 redeo
1191 1135 1234 1208 ad
1250 1157 1349 1208 coe-.

206 1237 286 1302 tera
337 1233 402 1302 Est
432 1231 513 1302 huic
541 1233 728 1304 finitimum
757 1234 1035 1314 dissimulationi,
1055 1235 1139 1328 *eum
1170 1234 1336 1306 honesto

206 1329 309 1400 verbo
325 1329 445 1402 vitiosa
461 1351 515 1400 res
529 1329 723 1428 appellatur
738 1357 747 1414 ;
771 1341 813 1402 ut
825 1331 907 1401 crim
923 1329 1110 1402 Africanus
1125 1355 1252 1406 censor
1271 1328 1337 1402 tri·

205 1425 254 1500 bn
269 1429 425 1498 movebat
435 1449 518 1498 eum
541 1427 793 1509 centurionem,
820 1426 880 1526 qui
905 1427 941 1500 in
958 1426 1069 1520 Paulli
1099 1451 1216 1526 pugna
1244 1451 1334 1500 non

206 1524 444 1600 affueratcirm
460 1522 568 1596 illese
595 1525 763 1598 custodiae
792 1548 912 1598 caussa
927 1525 1060 1600 diceret
1081 1527 1117 1598 in
1134 1526 1254 1600 castris
1271 1551 1336 1598 re·

206 1623 386 1703 mansisse,
402 1634 659 1722 quaereretque,
675 1650 737 1697 cur
751 1625 794 1696 ab
809 1647 851 1696 eo
867 1631 1041 1696 notaretur
1056 1652 1067 1708 ;
1088 1649 1150 1696 nm
1166 1649 1250 1703 amo,
1270 1623 1337 1694 in·
1351 1699 1354 1702 ,

205 1719 296 1818 quit,
312 1724 458 1794 nimiirm
471 1718 665 1814 diligentes.
717 1716 873 1794 Acutum
882 1719 985 1794 etiam
994 1721 1082 1794 illud
1098 1731 1164 1802 est,
1183 1722 1266 1792 cum
1281 1745 1336 1795 ex

205 1819 352 1892 alterius
362 1821 516 1893 oratione
533 1819 624 1892 aliud
640 1819 801 1918 excipias,
814 1829 922 1916 atque
936 1818 992 1892 ille
1004 1818 1101 1904 vult3
1126 1827 1168 1890 ut
1196 1815 1335 1890 Salina-

206 1915 272 1986 tori
288 1917 479 2000 Maximus,
497 1919 589 1999 cum,
620 1918 780 1990 Tarento
799 1919 935 1996 amisso,
953 1915 968 1962 ⁹
986 1940 1098 1988 arcem
1122 1925 1242 1988 tamen
1267 1915 1331 1988 Li·

204 2011 280 2086 vius
295 2013 508 2092 retinuisset,
532 2014 710 2108 multaque
725 2038 771 2084 ex
787 2038 826 2084 ea
849 2013 966 2108 praelia
987 2013 1151 2110 praeclara
1173 2013 1332 2094 lecisset,

205 2111 287 2184 ciam
303 2110 437 2206 aliquot
454 2117 531 2210 post
555 2134 666 2182 annos
698 2109 872 2184 Maximus
892 2111 926 2183 id
942 2111 1107 2208 oppidum
1123 2111 1328 2208 recepisset,

203 2219 413 2306 rogaretque
425 2235 505 2284 eum
521 2209 704 2287 Salinator,
732 2219 775 2282 ut
795 2208 1011 2282 meminisset
1023 2210 1042 2306 ¹1
1054 2209 1158 2306 operit
1188 2207 1255 2282 suia
1288 2233 1327 2280 se

203 2307 401 2380 Tarentum
416 2308 614 2404 recepisse,
644 2309 771 2400 quidm,
798 2301 927 2402 inquit,
957 2305 1207 2380 meminerim?
1230 2333 1326 2380 mrem

204 2427 306 2496 quam
321 2407 411 2474 em'm
424 2407 635 2498 recepissem,
647 2405 714 2472 rn'si
725 2413 762 2474 lu
772 2403 996 2495 perdidisses.
1046 2405 1140 2476 Sunt
1152 2405 1257 2479 etiam
1268 2405 1327 2478 illa

203 2499 426 2578 subabsurda,
442 2499 560 2594 sedeo
576 2499 651 2595 ipso
668 2498 809 2570 nomine
827 2523 922 2597 saepe
939 2499 1093 2581 ridicula,
1111 2528 1187 2576 non
1200 2503 1325 2578 'solum
1396 2511 1397 2582 ξ

203 2596 314 2670 mimis
327 2596 548 2693 perapposita'
560 2597 622 2668 sed
635 2597 737 2668 etiam
755 2597 1139 2694 quodammodonobis:

360 2703 651 2773 -Homojotaua

243 2786 405 2858 Postquam
420 2803 480 2840 rem
491 2787 595 2840 laedere
611 2785 699 2852 cepit,
715 2779 730 2824 ‘2
745 2797 787 2841 est
802 2800 942 2844 increatus.

244 2901 261 2950 9
275 2912 370 2953 arcem
381 2905 476 2950 tomen
487 2893 596 2950 Livias
605 2889 795 2970 retinuissem]
812 2893 918 2948 Livius
933 2889 981 2948 bic
990 2893 1145 2950 vocabatur
1158 2897 1204 2954 M.
1219 2897 1326 2957 Livius

203 2974 365 3033 Salinatore
386 2986 417 3030 et
428 2990 481 3046 per
495 2974 659 3028 Maximum
671 2971 815 3048 intelligas
828 2973 865 3044 Q.
880 2970 1002 3028 Fabium
1019 2971 1198 3032 Maximum.

248 3060 257 3110 l
276 3053 362 3123 opere
376 3051 430 3112 sud
440 3049 540 3188 sehse,
554 3071 594 3110 sc.
609 3050 732 3110 Fabium
744 3051 922 3116 Maximum,
935 3049 1094 3126 redoperi,
1108 3070 1148 3110 sc.
1162 3072 1253 3127 opera
1270 3055 1324 3115 Li·

203 3132 245 3190 vii
260 3133 437 3193 Salinatoris.

203 3229 293 3269 auum
307 3224 363 3280 est,
376 3225 475 3272 tamen
494 3224 540 3270 est
552 3210 731 3270 inusitatum.
775 3210 812 3268 Et
827 3208 905 3268 recte
919 3209 1058 3284 quidemr
1078 3230 1158 3280 nam,
1178 3211 1249 3272 elam
1263 3227 1321 3275 ter·

203 3289 252 3350 tiis
265 3290 399 3364 personis
417 3303 517 3351 utatur
531 3289 664 3365 munior,
690 3288 863 3366 ambiguum
879 3290 1025 3365 quoddam
1045 3289 1160 3350 dicendi
1174 3311 1270 3366 genus
1283 3311 1320 3352 ex

203 3371 319 3430 duobus
341 3368 501 3448 reciprocis
515 3367 586 3436 lere,
608 3367 745 3430 nascitur,
787 3373 928 3428 Attamen
951 3387 991 3428 ex
1007 3369 1116 3428 Sanctii
1140 3371 1277 3432 errerva
1290 3383 1320 3430 et
1384 3362 1389 3376 ’

203 3449 354 3510 Perizonii
368 3449 454 3509 Notis
468 3448 567 3506 ridere
581 3459 626 3506 est
639 3446 712 3506 alios
726 3447 883 3524 scriptores
897 3447 937 3506 ita
950 3451 1063 3508 locutos
1075 3468 1161 3508 esse:
1182 3450 1225 3510 sic
1238 3453 1317 3512 eninr
1393 3457 1394 3460 ’

204 3528 344 3588 Caesario
361 3531 436 3588 Bell.
448 3527 525 3584 Gall.
540 3525 559 3582 i.
575 3531 621 3584 38.
635 3525 803 3593 disiunctis
821 3549 853 3585 ae
869 3525 1079 3606 (Ariovistum)
1098 3548 1189 3602 cgere
1211 3551 1275 3586 cam
1288 3547 1317 3586 eo

204 3607 371 3686 (Caesare),
391 3621 451 3677 ortt,
464 3610 491 3664 ai
502 3608 533 3662 id
545 3604 636 3664 minda
650 3611 744 3674 vellet,
759 3625 799 3664 erc
814 3605 875 3664 suis
885 3611 989 3678 legatia
1001 3611 1122 3678 aliquem
1131 3613 1170 3666 ad
1180 3628 1211 3666 se
1225 3615 1318 3668 mitre·

203 3699 255 3742 ret.
296 3687 336 3746 Et
349 3689 379 3746 in
390 3690 462 3749 Bell.
476 3686 538 3744 Cir.
553 3684 572 3742 i.
592 3692 634 3743 18.
646 3685 764 3754 dicitur,
779 3684 858 3763 qudd
871 3687 1025 3757 Pompeius
1045 3694 1251 3758 rescripserat,
1264 3705 1317 3746 non

205 3783 261 3826 suo
273 3768 385 3824 tortsilio
399 3780 450 3824 aut
464 3772 614 3826 voluntate
631 3769 791 3822 Domitium
805 3784 836 3824 se
850 3771 884 3824 in
898 3769 1031 3837 oppidum
1048 3768 1205 3837 Cominium
1222 3781 1318 3826 contu·

203 3852 277 3905 liare.
318 3845 435 3918 Quibus
452 3845 517 3903 addi
540 3857 644 3922 potest,
657 3847 735 3923 quod
749 3847 786 3906 A.
801 3843 919 3904 Gellius
933 3847 974 3904 ait
992 3844 1022 3902 in
1043 3846 1081 3902 N.
1102 3850 1163 3906 Aa.
1177 3847 1196 3905 i.
1212 3857 1239 3905 8.
1273 3848 1316 3903 Aa

207 3929 345 3988 Tlm'idem
361 3927 570 3984 Demosthenes
588 3924 748 3988 clanrmrlm
757 3927 838 3992 adit,
853 3936 889 3992 et,
904 3935 936 3981 ut
950 3923 1006 3981 sibi
1016 3924 1061 3982 sui
1081 3929 1316 4006 septemformi,

197 4011 284 4077 petit.
326 4005 374 4064 De
387 4007 442 4066 hoc
459 4004 587 4065 Maximi
597 4024 737 4083 responso
750 4003 815 4062 vide
826 4002 1003 4061 Ciceronem
1013 4005 1052 4062 dc.
1065 4005 1172 4068 Senect
1185 4027 1210 4064 c.
1220 4015 1253 4065 t.
1307 4015 1310 4025 '

242 4094 314 4146 aest
327 4083 483 4164 mortuae]
508 4085 669 4146 Lambinus
687 4083 789 4145 rer-sits
814 4083 906 4158 gratia
919 4082 991 4160 legit
1011 4097 1175 4160 emortuas:
1193 4087 1272 4162 qaod
1287 4093 1316 4140 et

203 4185 276 4226 mox
287 4166 453 4229 faciendum
468 4179 522 4230 cst,-
535 4180 569 4226 ut
582 4164 628 4234 sit,
648 4181 793 4236 nunquam
808 4174 852 4220 est
865 4175 1019 4220 emortuus.
1062 4165 1171 4224 Sensus
1184 4165 1241 4224 loci
1252 4175 1312 4225 estl

189 4245 296 4316 (simul
307 4261 395 4322 atque
420 4246 475 4306 iste
490 4246 573 4302 dives
587 4261 653 4302 esse
667 4245 765 4319 coepit,
784 4252 918 4300 mortuus
928 4256 989 4312 est,
1011 4245 1210 4320 quirnsatuos
1230 4247 1314 4302 home

203 4323 279 4382 fuit!
300 4327 511 4384 subabsurdum
537 4323 609 4380 illud
633 4341 672 4380 ex
686 4325 773 4382 verbo
787 4323 892 4391 satum
909 4322 1019 4390 oritur3
1039 4322 1120 4400 quasi
1138 4323 1214 4382 mori
1237 4339 1313 4386 eum,

204 4399 274 4458 cum
288 4399 453 4470 ditesceret,
467 4401 595 4462 stultitiae
608 4415 704 4474 essetr
725 4400 870 4463 autstulte
885 4401 917 4468 id
926 4402 1038 4474 feeerit,
1048 4403 1126 4482 qued
1135 4402 1164 4463 vi
1173 4415 1203 4464 et
1216 4417 1313 4467 necet*

204 4479 288 4539 nitate
304 4494 422 4538 coactus
436 4480 548 4540 fecerit.

511 3151 545 3190 oc
559 3129 626 3190 ideo
637 3132 792 3190 notandum
807 3149 873 3189 esse
883 3129 1006 3198 videtur,
1022 3129 1112 3206 quod,
1132 3131 1157 3190 si
1170 3133 1323 3195 Ciceroni·
1394 3157 1395 3162 ¹
