2808 5020
148 451 151 466 .
215 399 218 414 ·
250 381 287 436 ar
645 373 705 432 us
724 371 926 432 onnrons

255 520 300 594 ds
312 545 349 594 re
364 520 447 630 ipsa,
457 519 484 592 si
496 520 541 592 de
551 517 689 601 finibus,
702 521 784 594 cirrn
793 519 832 594 in
844 542 916 592 rem
925 521 1138 614 presentem
1154 535 1231 624 non
1242 509 1338 586 veni·

254 643 346 699 mus,
362 641 389 690 sr
414 617 667 690 de'tabulis5et
693 617 997 714 perscriptionibus
1022 622 1255 686 controversia
1271 618 1336 689 est,

255 724 431 790 contortas
447 740 501 788 res
514 725 552 788 et
568 739 662 812 saepe
687 715 840 786 difficiles
863 711 1062 784 necessarie
1088 705 1337 807 perdiscimus?

254 813 331 886 sile
377 811 800 894 snobiuautsihomimm
812 809 999 907 peritorum
1012 824 1337 904 responsacognos-

253 933 321 983 cen
345 937 365 982 a
390 919 486 991 suut,
513 933 677 991 veremur,
697 935 744 982 ne
760 933 809 991 ea,
825 908 852 980 si
868 907 910 980 ab
924 903 1155 978 adolescentia
1165 903 1233 1000 juri
1249 902 1336 977 civili

253 1007 370 1080 minis
381 1008 628 1088 studuerimus,
642 1032 717 1080 non
731 1030 901 1104 queamus
918 1027 1129 1100 cognoscere
1142 998 1166 1071 i·

300 1106 398 1177 LIX.
423 1105 570 1178 Nihilne
590 1106 695 1200 igitur
712 1105 853 1202 prodest
867 1104 990 1176 oratori
1002 1100 1086 1196 juris
1105 1099 1210 1172 civilis
1228 1099 1339 1173 scien·

252 1199 323 1274 tia?
358 1203 444 1275 Non
467 1225 610 1300 possum
637 1226 764 1298 negare
786 1203 948 1299 prodesse
970 1200 1075 1272 ullam
1096 1197 1290 1276 scientium,
1309 1195 1340 1266 ei

252 1299 454 1397 praesertim,
470 1298 569 1394 cujus
584 1297 783 1396 eloquentia
798 1299 897 1410 copis
912 1323 1026 1369 rerum
1051 1297 1178 1368 debeat
1193 1317 1273 1368 esse
1291 1317 1341 1366 or·

253 1406 354 1472 nuta:
379 1397 440 1469 sed
452 1397 560 1470 multa
574 1405 612 1469 et
629 1421 752 1492 magna
768 1405 806 1468 et
817 1395 963 1468 difficilia
979 1405 1064 1468 sunt
1085 1417 1135 1474 ee,
1147 1415 1231 1490 quoe
1254 1402 1341 1464 sunt

251 1491 377 1568 oratori
390 1496 592 1575 necessaria,
616 1503 657 1567 ut
672 1495 746 1592 ejus
764 1493 965 1566 industriam
976 1493 1013 1565 in
1031 1492 1130 1590 plura
1145 1490 1261 1564 studia
1278 1489 1343 1562 dis·

254 1593 390 1664 trahere
428 1593 544 1668 norim.
595 1591 688 1677 Quis
712 1601 819 1689 neget
839 1616 926 1690 opus
957 1615 1034 1664 esse
1061 1589 1195 1671 oratori,
1218 1589 1259 1660 in
1274 1589 1345 1660 hoc

253 1691 402 1764 oratorio
416 1700 515 1766 motu
536 1699 714 1788 statuque,
743 1690 859 1764 Roscii
876 1703 1014 1786 gestum
1028 1697 1073 1760 et
1095 1682 1345 1761 venustatem?

251 1797 369 1860 nmen
391 1813 497 1862 nemo
513 1789 656 1862 arraserit
671 1787 834 1862 studiosis
848 1785 984 1860 dicendi
994 1784 1291 1859 'adolescentibus-
1304 1782 1342 1855 ih

251 1894 356 1984 gestu
383 1885 552 1958 discendo
577 1887 784 1958 histrionum
815 1909 910 1956 more
936 1885 1120 1956 elaborare.
1169 1881 1272 1964 Quid
1288 1888 1343 1954 est

251 1979 374 2051 oratori
390 1988 461 2052 tarn
477 1982 722 2058 necessarium,
739 1983 847 2072 quim
864 1978 954 2050 vox?
991 1989 1110 2050 tumen
1126 2001 1183 2048 me
1198 1988 1343 2050 auctore

252 2099 359 2150 nemo
376 2075 515 2148 dicendi
543 2075 730 2155 studiosus,
744 2074 980 2146 oGroecorum
1001 2097 1097 2146 more
1118 2083 1157 2146 et
1170 2075 1344 2169 tragoedo

253 2199 344 2256 rum,
356 2174 431 2246 voci
443 2174 577 2254 serviet,
588 2172 647 2270 qui
658 2185 694 2244 et
711 2195 821 2247 annos
838 2171 1032 2269 complures
1050 2169 1213 2244 sedentes
1229 2169 1343 2247 decla·

251 2271 389 2354 mitent,
402 2280 441 2344 et
456 2271 623 2368 quotidie,
634 2279 718 2344 ante
744 2295 822 2344 uam
830 2270 1071 2368 pronuntient,
1085 2293 1205 2343 vocem
1217 2269 1342 2342 cuban-

177 2424 186 2442 .
250 2379 308 2442 tes
323 2369 640 2448 semim'excitanh
656 2298 885 2464 eandemque,
901 2368 984 2444 crim
1000 2376 1161 2462 egerunt,
1177 2365 1340 2442 sedentes
1386 2427 1387 2432 ,

250 2469 298 2538 cb
312 2463 510 2538 acutissimo
536 2489 624 2554 sono
646 2464 817 2561 usquead
834 2464 1066 2562 gravissimum
1083 2489 1207 2538 sonum
1223 2464 1342 2562 recipi-

208 2602 213 2616 ·
251 2569 332 2643 unt,
343 2572 378 2634 et
390 2562 487 2660 quasi
500 2564 650 2660 quodam
665 2563 768 2636 modo
778 2563 959 2660 colligunt.
1008 2559 1094 2639 Hoc
1110 2563 1216 2636 nossi
1231 2564 1342 2638 facere
1385 2649 1386 2652 Ἴ

250 2659 407 2744 velimus,
418 2669 504 2734 ante
514 2663 796 2738 condemnentur
809 2659 841 2743 ii,
863 2685 1013 2757 quorum
1029 2661 1165 2738 caussas
1173 2660 1342 2762 receperi·
1385 2657 1386 2668 ’

251 2782 344 2839 mus,
361 2761 470 2854 quim
496 2759 610 2841 toties,
645 2759 808 2856 ⁷quoties
839 2757 1070 2856 perscribitur,
1087 2761 1252 2834 Poeanem
1282 2769 1341 2838 aut

256 2899 258 2903 ·
293 2887 309 2936 5
325 2893 353 2938 et
367 2878 624 2954 perscriptionibus
647 2883 843 2939 controuersia
857 2877 928 2958 ean]
948 2880 1052 2957 Vulgi
1071 2881 1341 2952 straeacrtpttontttn

251 2975 309 3034 qua
322 2975 394 3017 voce
407 2957 610 3033 significentur
622 2959 888 3027 Senatuscousulta,
902 2959 931 3016 in
946 2961 1052 3036 quibus
1067 2959 1240 3024 Senatorum
1249 2955 1342 3018 norni-
1383 2991 1384 3028 ᾗ

249 3037 582 3112 napraescribebanturr
598 3039 649 3096 sed
663 3057 720 3096 vox
734 3037 818 3096 istius
829 3035 1127 3114 significationis'huic
1141 3040 1205 3095 ioco
1218 3031 1339 3097 murini
1383 3041 1384 3065 ¹

251 3116 396 3175 contenit.
416 3118 527 3175 Veram
543 3116 700 3177 lectionem
709 3121 971 3188 perscriptionibus
982 3117 1102 3194 protulit
1111 3115 1284 3187 Lambinus,
1298 3135 1340 3175 se·

254 3205 343 3251 cutus
355 3193 555 3254 auctoritatem
579 3199 704 3257 duorum
732 3196 903 3266 MStorum,
925 3196 1029 3273 quibus
1049 3192 1340 3257 consentimrmsri

254 3271 328 3332 Bod-
343 3275 420 3332 Nor.
436 3277 525 3350 ng.
537 3273 620 3334 Norf.
636 3279 719 3335 Cant.
734 3277 834 3335 Mead.
857 3289 887 3336 et
894 3276 986 3336 editio
997 3277 1121 3337 Veneta.
1130 3279 1252 3338 Nomen
1271 3285 1338 3347 per·

253 3355 418 3422 sortitionis
440 3351 548 3430 (inquit
562 3355 737 3432 Lambinus)
765 3359 863 3415 locum
878 3359 964 3416 habet
976 3355 1006 3414 in
1025 3357 1200 3427 nominibus,
1228 3354 1338 3424 ebuis,

253 3442 285 3488 et
294 3431 463 3491 rationibus.
505 3435 561 3506 Ep.
572 3433 606 3489 ed
619 3433 681 3491 An.
695 3434 733 3490 iv.
748 3435 870 3507 ultime3
886 3438 951 3492 Haec
966 3442 1084 3505 partio,
1101 3455 1156 3492 nott
1169 3438 1282 3503 omia,
1291 3435 1338 3491 aed

254 3514 416 3567 nominibus
433 3524 460 3565 et
471 3509 736 3586 perscriptionibus,
750 3519 902 3572 multorum
915 3519 1020 3571 tabulis
1033 3515 1094 3572 crim
1108 3519 1261 3588 rarefacta
1269 3517 1337 3571 dict·

252 3601 346 3659 retur,
370 3589 541 3649 &Memmio
559 3596 678 3660 prolato
692 3605 745 3662 ert,
770 3605 827 3651 etc.
842 3597 895 3653 Or.
909 3610 963 3667 pro
984 3593 1091 3651 Roscio
1104 3595 1261 3662 Comoedo,
1275 3613 1299 3651 c.
1314 3597 1334 3654 1,-

254 3669 331 3723 Nom
346 3671 578 3742 quempiam
594 3679 679 3740 turpe
694 3685 737 3730 ert
747 3677 880 3742 scribere,
894 3675 969 3746 qnod
980 3691 1037 3728 non
1050 3675 1209 3732 debeatur.-
1222 3678 1273 3732 'ric
1286 3677 1335 3728 im·

245 3748 372 3818 'pradum
387 3759 499 3806 estnon
512 3751 634 3822 referre,
643 3757 721 3821 qnod
734 3755 858 3811 debeor:
875 3750 949 3823 aepni
963 3756 1036 3808 enim
1049 3755 1148 3809 inbuite
1158 3757 1337 3810 condemnan-

254 3838 306 3884 tur
320 3827 393 3900 ejus,
403 3832 518 3900 quinon
530 3834 653 3896 retntir,·
672 3845 701 3886 ct
711 3833 784 3905 ejus,
797 3835 847 3902 qni
850 3833 962 3901 salium
968 3836 1158 3904 perscripsit,
1166 3834 1273 3900 Vides,
1283 3835 1336 3888 lec·
1379 3851 1380 3860 ¹

251 3915 309 3972 ior,
330 3911 516 3976 perscribere
529 3907 609 3968 idern
623 3909 797 3985 significare,
820 3928 853 3966 ac
876 3908 905 3970 ie
918 3908 1023 3968 tabulis
1048 3913 1161 3987 accepti
1176 3923 1206 3971 et
1218 3903 1336 3986 expensi

251 3985 410 4122 ιεὲᾏίρῑὶοιῑε
427 4005 474 4048 res
487 3987 731 4058 putaminarum
744 3985 814 4048 verb
834 3987 1005 4060 notationes,
1028 3995 1250 4063 prescriptionis
1262 3989 1335 4048 oica·
1378 3985 1379 4057 i

308 4079 366 4125 iul·-
974 4102 988 4122 κ
1236 4095 1240 4102 ”

293 4153 310 4200 6
332 4149 498 4204 Grecorant
511 4163 586 4202 nrcre
610 4149 854 4221 irrogatarum,
874 4153 945 4206 nori
966 4149 1102 4230 cervien]
1114 4177 1117 4186 ·
1131 4151 1212 4210 Bene
1238 4149 1334 4208 Lamb.

253 4222 421 4284 auctoritate
432 4225 525 4283 trium
539 4225 697 4286 MStorum
708 4229 786 4286 delet
793 4226 871 4298 istud
881 4243 908 4284 et
920 4248 931 4286 .·
947 4231 1084 4300 sensive
1098 4228 1334 4299 retineatur,sire
1375 4291 1377 4304 ἑ

253 4301 397 4378 ejiciatur,
411 4318 478 4375 post
490 4319 594 4362 vocem
609 4309 812 4378 Tragasaeum
827 4310 947 4368 comme
960 4312 1130 4386 ponendum
1143 4320 1197 4366 est
1376 4309 1377 4312 ’

293 4386 312 4471 J
324 4386 643 4454 participererriit‘tur,
656 4382 729 4462 ete]
754 4386 914 4458 Manutius,
937 4387 1150 4457 Strebaemet
1171 4385 1335 4451 Lambinus,
1376 4380 1377 4452 i

251 4459 408 4518 ediderunt
413 4465 616 4529 prescribitur
625 4487 638 4528 ,·
658 4482 725 4538 quae
741 4483 798 4524 vox
813 4468 956 4546 mugienti
970 4469 1009 4539 id,
1032 4469 1110 4545 quod
1131 4466 1237 4529 Cicero
1249 4461 1334 4525 voluit
1375 4515 1376 4546 p
