<?xml version="1.0" encoding="UTF-8"?>
<!DOCTYPE html PUBLIC "-//W3C//DTD XHTML 1.0 Transitional//EN"
    "http://www.w3.org/TR/xhtml1/DTD/xhtml1-transitional.dtd">
<html xmlns="http://www.w3.org/1999/xhtml" xml:lang="en" lang="en">
 <head>
  <title>
</title>
<meta http-equiv="Content-Type" content="text/html;charset=utf-8" />
  <meta name='ocr-system' content='tesseract 3.04.00' />
  <meta name='ocr-capabilities' content='ocr_page ocr_carea ocr_par ocr_line ocrx_word'/>
</head>
<body>
  <div class='ocr_page' id='page_1' title='image "./mtulliiciceroni00peargoog_0260.png"; bbox 0 0 2882 5012; ppageno 0'>
   <div class='ocr_carea' id='block_1_1' title="bbox 206 346 920 422">
    <p class='ocr_par' dir='ltr' id='par_1_1' title="bbox 206 346 920 422">
     <span class='ocr_line' id='line_1_1' title="bbox 206 346 920 422; baseline -0.015 0"><span class='ocrx_word' id='word_1_1' title='bbox 206 365 271 422; x_wconf 71' lang='lat' dir='ltr'>tet·</span> <span class='ocrx_word' id='word_1_2' title='bbox 627 351 687 416; x_wconf 80' lang='lat' dir='ltr'>DE</span> <span class='ocrx_word' id='word_1_3' title='bbox 706 346 920 416; x_wconf 77' lang='lat' dir='ltr'><strong>ORATORE·</strong></span> 
     </span>
    </p>
   </div>
   <div class='ocr_carea' id='block_1_2' title="bbox 131 475 1347 4425">
    <p class='ocr_par' dir='ltr' id='par_1_2' title="bbox 212 475 1345 3126">
     <span class='ocr_line' id='line_1_2' title="bbox 215 475 1329 602; baseline -0.027 -19"><span class='ocrx_word' id='word_1_4' title='bbox 215 503 369 593; x_wconf 49' lang='lat' dir='ltr'>rationu</span> <span class='ocrx_word' id='word_1_5' title='bbox 392 513 445 587; x_wconf 90' lang='lat' dir='ltr'>ut,</span> <span class='ocrx_word' id='word_1_6' title='bbox 460 503 488 576; x_wconf 91' lang='lat' dir='ltr'>si</span> <span class='ocrx_word' id='word_1_7' title='bbox 506 501 713 602; x_wconf 88' lang='lat' dir='ltr'>disputetur,</span> <span class='ocrx_word' id='word_1_8' title='bbox 729 501 827 574; x_wconf 91' lang='lat' dir='ltr'>Num</span> <span class='ocrx_word' id='word_1_9' title='bbox 840 495 976 570; x_wconf 88' lang='lat' dir='ltr'>interire</span> <span class='ocrx_word' id='word_1_10' title='bbox 987 491 1097 564; x_wconf 87' lang='lat' dir='ltr'>virtus</span> <span class='ocrx_word' id='word_1_11' title='bbox 1113 485 1152 560; x_wconf 93' lang='lat' dir='ltr'>in</span> <span class='ocrx_word' id='word_1_12' title='bbox 1170 475 1329 563; x_wconf 45' lang='lat' dir='ltr'>homines</span> 
     </span>
     <span class='ocr_line' id='line_1_3' title="bbox 213 585 1329 700; baseline -0.026 -21"><span class='ocrx_word' id='word_1_13' title='bbox 213 615 274 679; x_wconf 76' lang='lat' dir='ltr'>sut</span> <span class='ocrx_word' id='word_1_14' title='bbox 300 627 386 676; x_wconf 93' lang='lat' dir='ltr'>num</span> <span class='ocrx_word' id='word_1_15' title='bbox 411 602 449 678; x_wconf 91' lang='lat' dir='ltr'>in</span> <span class='ocrx_word' id='word_1_16' title='bbox 464 603 583 676; x_wconf 86' lang='lat' dir='ltr'>vitium</span> <span class='ocrx_word' id='word_1_17' title='bbox 600 600 709 700; x_wconf 90' lang='lat' dir='ltr'>possit</span> <span class='ocrx_word' id='word_1_18' title='bbox 733 597 897 674; x_wconf 84' lang='lat' dir='ltr'>converti.</span> <span class='ocrx_word' id='word_1_19' title='bbox 958 585 1185 666; x_wconf 83' lang='lat' dir='ltr'>Definitionis</span> <span class='ocrx_word' id='word_1_20' title='bbox 1207 591 1329 655; x_wconf 85' lang='lat' dir='ltr'>autem</span> 
     </span>
     <span class='ocr_line' id='line_1_4' title="bbox 215 684 1330 800; baseline -0.024 -24"><span class='ocrx_word' id='word_1_21' title='bbox 215 710 300 776; x_wconf 88' lang='lat' dir='ltr'>sunt</span> <span class='ocrx_word' id='word_1_22' title='bbox 320 699 600 800; x_wconf 76' lang='lat' dir='ltr'>disceptationes,</span> <span class='ocrx_word' id='word_1_23' title='bbox 617 691 1002 792; x_wconf 81' lang='lat' dir='ltr'>⁵sutci11nquaeritur,</span> <span class='ocrx_word' id='word_1_24' title='bbox 1020 686 1104 784; x_wconf 92' lang='lat' dir='ltr'>quid</span> <span class='ocrx_word' id='word_1_25' title='bbox 1120 684 1157 756; x_wconf 92' lang='lat' dir='ltr'>in</span> <span class='ocrx_word' id='word_1_26' title='bbox 1174 701 1330 754; x_wconf 90' lang='lat' dir='ltr'>commu·</span> 
     </span>
     <span class='ocr_line' id='line_1_5' title="bbox 215 775 1329 896; baseline -0.025 -22"><span class='ocrx_word' id='word_1_27' title='bbox 215 799 254 874; x_wconf 93' lang='lat' dir='ltr'>ni</span> <span class='ocrx_word' id='word_1_28' title='bbox 277 806 394 874; x_wconf 87' lang='lat' dir='ltr'>mente</span> <span class='ocrx_word' id='word_1_29' title='bbox 417 799 514 896; x_wconf 81' lang='lat' dir='ltr'>qussi</span> <span class='ocrx_word' id='word_1_30' title='bbox 538 799 741 896; x_wconf 89' lang='lat' dir='ltr'>impressum</span> <span class='ocrx_word' id='word_1_31' title='bbox 764 792 831 879; x_wconf 93' lang='lat' dir='ltr'>sit;</span> <span class='ocrx_word' id='word_1_32' title='bbox 857 797 908 872; x_wconf 84' lang='lat' dir='ltr'>ut,</span> <span class='ocrx_word' id='word_1_33' title='bbox 926 787 955 861; x_wconf 92' lang='lat' dir='ltr'>si</span> <span class='ocrx_word' id='word_1_34' title='bbox 966 787 1163 864; x_wconf 81' lang='lat' dir='ltr'>disseratur,</span> <span class='ocrx_word' id='word_1_35' title='bbox 1180 779 1261 851; x_wconf 91' lang='lat' dir='ltr'>idne</span> <span class='ocrx_word' id='word_1_36' title='bbox 1278 775 1329 848; x_wconf 91' lang='lat' dir='ltr'>sit</span> 
     </span>
     <span class='ocr_line' id='line_1_6' title="bbox 212 877 1330 996; baseline -0.033 -16"><span class='ocrx_word' id='word_1_37' title='bbox 212 897 282 996; x_wconf 67' lang='lat' dir='ltr'>jus,</span> <span class='ocrx_word' id='word_1_38' title='bbox 298 897 396 993; x_wconf 91' lang='lat' dir='ltr'>quod</span> <span class='ocrx_word' id='word_1_39' title='bbox 405 900 565 972; x_wconf 82' lang='lat' dir='ltr'>maxirnae</span> <span class='ocrx_word' id='word_1_40' title='bbox 579 895 664 994; x_wconf 77' lang='lat' dir='ltr'>parti</span> <span class='ocrx_word' id='word_1_41' title='bbox 682 894 728 966; x_wconf 89' lang='lat' dir='ltr'>sit</span> <span class='ocrx_word' id='word_1_42' title='bbox 745 891 852 964; x_wconf 89' lang='lat' dir='ltr'>utile:</span> <span class='ocrx_word' id='word_1_43' title='bbox 876 897 937 961; x_wconf 86' lang='lat' dir='ltr'>sut</span> <span class='ocrx_word' id='word_1_44' title='bbox 952 883 1047 965; x_wconf 79' lang='lat' dir='ltr'>clim,</span> <span class='ocrx_word' id='word_1_45' title='bbox 1057 881 1143 980; x_wconf 92' lang='lat' dir='ltr'>quid</span> <span class='ocrx_word' id='word_1_46' title='bbox 1157 877 1330 974; x_wconf 79' lang='lat' dir='ltr'>cujusque</span> 
     </span>
     <span class='ocr_line' id='line_1_7' title="bbox 214 977 1331 1093; baseline -0.025 -23"><span class='ocrx_word' id='word_1_47' title='bbox 214 997 260 1070; x_wconf 87' lang='lat' dir='ltr'>sit</span> <span class='ocrx_word' id='word_1_48' title='bbox 283 995 468 1093; x_wconf 85' lang='lat' dir='ltr'>proprium,</span> <span class='ocrx_word' id='word_1_49' title='bbox 493 993 704 1092; x_wconf 82' lang='lat' dir='ltr'>exquiritur3</span> <span class='ocrx_word' id='word_1_50' title='bbox 729 999 778 1073; x_wconf 92' lang='lat' dir='ltr'>ut,</span> <span class='ocrx_word' id='word_1_51' title='bbox 804 986 938 1064; x_wconf 72' lang='lat' dir='ltr'>Ornuti</span> <span class='ocrx_word' id='word_1_52' title='bbox 956 983 1081 1064; x_wconf 83' lang='lat' dir='ltr'>dicere,</span> <span class='ocrx_word' id='word_1_53' title='bbox 1104 977 1331 1078; x_wconf 85' lang='lat' dir='ltr'>propriumne</span> 
     </span>
     <span class='ocr_line' id='line_1_8' title="bbox 216 1069 1334 1186; baseline -0.021 -20"><span class='ocrx_word' id='word_1_54' title='bbox 216 1091 264 1166; x_wconf 89' lang='lat' dir='ltr'>sit</span> <span class='ocrx_word' id='word_1_55' title='bbox 279 1093 433 1174; x_wconf 82' lang='lat' dir='ltr'>cratoris,</span> <span class='ocrx_word' id='word_1_56' title='bbox 450 1117 496 1165; x_wconf 84' lang='lat' dir='ltr'>su</span> <span class='ocrx_word' id='word_1_57' title='bbox 511 1094 546 1164; x_wconf 91' lang='lat' dir='ltr'>id</span> <span class='ocrx_word' id='word_1_58' title='bbox 573 1092 678 1164; x_wconf 85' lang='lat' dir='ltr'>etiam</span> <span class='ocrx_word' id='word_1_59' title='bbox 700 1085 823 1186; x_wconf 86' lang='lat' dir='ltr'>aliquis</span> <span class='ocrx_word' id='word_1_60' title='bbox 836 1093 1006 1186; x_wconf 67' lang='lat' dir='ltr'>praeterea</span> <span class='ocrx_word' id='word_1_61' title='bbox 1019 1079 1141 1180; x_wconf 89' lang='lat' dir='ltr'>possit:</span> <span class='ocrx_word' id='word_1_62' title='bbox 1165 1085 1226 1148; x_wconf 84' lang='lat' dir='ltr'>cut</span> <span class='ocrx_word' id='word_1_63' title='bbox 1248 1069 1334 1143; x_wconf 75' lang='lat' dir='ltr'>clun</span> 
     </span>
     <span class='ocr_line' id='line_1_9' title="bbox 216 1173 1334 1282; baseline -0.024 -17"><span class='ocrx_word' id='word_1_64' title='bbox 216 1188 543 1265; x_wconf 88' lang='lat' dir='ltr'>resdistribuiturin</span> <span class='ocrx_word' id='word_1_65' title='bbox 561 1197 696 1282; x_wconf 64' lang='lat' dir='ltr'>partem</span> <span class='ocrx_word' id='word_1_66' title='bbox 721 1196 763 1257; x_wconf 92' lang='lat' dir='ltr'>ut</span> <span class='ocrx_word' id='word_1_67' title='bbox 781 1185 809 1257; x_wconf 91' lang='lat' dir='ltr'>si</span> <span class='ocrx_word' id='word_1_68' title='bbox 822 1191 1014 1280; x_wconf 84' lang='lat' dir='ltr'>quoerstur,</span> <span class='ocrx_word' id='word_1_69' title='bbox 1029 1180 1133 1260; x_wconf 82' lang='lat' dir='ltr'>Quot</span> <span class='ocrx_word' id='word_1_70' title='bbox 1144 1173 1219 1247; x_wconf 89' lang='lat' dir='ltr'>sint</span> <span class='ocrx_word' id='word_1_71' title='bbox 1229 1191 1334 1268; x_wconf 86' lang='lat' dir='ltr'>gene·</span> 
     </span>
     <span class='ocr_line' id='line_1_10' title="bbox 218 1263 1332 1384; baseline -0.023 -21"><span class='ocrx_word' id='word_1_72' title='bbox 218 1311 256 1364; x_wconf 82' lang='lat' dir='ltr'>ru</span> <span class='ocrx_word' id='word_1_73' title='bbox 270 1311 384 1360; x_wconf 90' lang='lat' dir='ltr'>rerum</span> <span class='ocrx_word' id='word_1_74' title='bbox 400 1285 681 1384; x_wconf 83' lang='lat' dir='ltr'>expetendarum,</span> <span class='ocrx_word' id='word_1_75' title='bbox 696 1275 714 1324; x_wconf 85' lang='lat'><strong>⁶</strong></span> <span class='ocrx_word' id='word_1_76' title='bbox 728 1278 1025 1362; x_wconf 83' lang='lat' dir='ltr'>sut,Sintnet1is‚</span> <span class='ocrx_word' id='word_1_77' title='bbox 1038 1263 1332 1370; x_wconf 75' lang='lat' dir='ltr'>corporiusnimi,</span> 
     </span>
     <span class='ocr_line' id='line_1_11' title="bbox 221 1367 1336 1480; baseline -0.023 -20"><span class='ocrx_word' id='word_1_78' title='bbox 221 1395 510 1480; x_wconf 78' lang='lat' dir='ltr'>externarumque</span> <span class='ocrx_word' id='word_1_79' title='bbox 522 1405 650 1456; x_wconf 90' lang='lat' dir='ltr'>rerum:</span> <span class='ocrx_word' id='word_1_80' title='bbox 675 1377 838 1460; x_wconf 82' lang='lat' dir='ltr'>autcirm,</span> <span class='ocrx_word' id='word_1_81' title='bbox 854 1397 938 1474; x_wconf 84' lang='lat' dir='ltr'>quse</span> <span class='ocrx_word' id='word_1_82' title='bbox 948 1375 1058 1446; x_wconf 83' lang='lat' dir='ltr'>forma</span> <span class='ocrx_word' id='word_1_83' title='bbox 1073 1382 1109 1442; x_wconf 89' lang='lat' dir='ltr'>et</span> <span class='ocrx_word' id='word_1_84' title='bbox 1120 1367 1217 1465; x_wconf 79' lang='lat' dir='ltr'>qussi</span> <span class='ocrx_word' id='word_1_85' title='bbox 1233 1372 1336 1437; x_wconf 87' lang='lat' dir='ltr'>natu·</span> 
     </span>
     <span class='ocr_line' id='line_1_12' title="bbox 218 1458 1338 1579; baseline -0.024 -21"><span class='ocrx_word' id='word_1_86' title='bbox 218 1483 299 1557; x_wconf 83' lang='lat' dir='ltr'>rulis</span> <span class='ocrx_word' id='word_1_87' title='bbox 315 1495 398 1556; x_wconf 82' lang='lat' dir='ltr'>notu</span> <span class='ocrx_word' id='word_1_88' title='bbox 415 1483 581 1579; x_wconf 87' lang='lat' dir='ltr'>cujusque</span> <span class='ocrx_word' id='word_1_89' title='bbox 602 1478 662 1558; x_wconf 88' lang='lat' dir='ltr'>sit,</span> <span class='ocrx_word' id='word_1_90' title='bbox 678 1473 907 1560; x_wconf 79' lang='lat' dir='ltr'>describitur3</span> <span class='ocrx_word' id='word_1_91' title='bbox 931 1479 983 1552; x_wconf 88' lang='lat' dir='ltr'>ut,</span> <span class='ocrx_word' id='word_1_92' title='bbox 994 1471 1023 1542; x_wconf 93' lang='lat' dir='ltr'>si</span> <span class='ocrx_word' id='word_1_93' title='bbox 1044 1474 1223 1566; x_wconf 83' lang='lat' dir='ltr'>quaerstur</span> <span class='ocrx_word' id='word_1_94' title='bbox 1243 1458 1338 1534; x_wconf 84' lang='lat' dir='ltr'>ausri</span> 
     </span>
     <span class='ocr_line' id='line_1_13' title="bbox 221 1557 1339 1680; baseline -0.023 -26"><span class='ocrx_word' id='word_1_95' title='bbox 221 1581 365 1680; x_wconf 86' lang='lat' dir='ltr'>species,</span> <span class='ocrx_word' id='word_1_96' title='bbox 382 1579 544 1660; x_wconf 87' lang='lat' dir='ltr'>seditiosi,</span> <span class='ocrx_word' id='word_1_97' title='bbox 560 1575 709 1676; x_wconf 85' lang='lat' dir='ltr'>gloriosi.</span> <span class='ocrx_word' id='word_1_98' title='bbox 756 1569 1026 1646; x_wconf 86' lang='lat' dir='ltr'>Consecutionis</span> <span class='ocrx_word' id='word_1_99' title='bbox 1049 1575 1168 1640; x_wconf 83' lang='lat' dir='ltr'>autem</span> <span class='ocrx_word' id='word_1_100' title='bbox 1185 1563 1257 1635; x_wconf 92' lang='lat' dir='ltr'>duc</span> <span class='ocrx_word' id='word_1_101' title='bbox 1268 1557 1339 1657; x_wconf 90' lang='lat' dir='ltr'>pri·</span> 
     </span>
     <span class='ocr_line' id='line_1_14' title="bbox 221 1659 1337 1777; baseline -0.025 -23"><span class='ocrx_word' id='word_1_102' title='bbox 221 1681 529 1777; x_wconf 81' lang='lat' dir='ltr'>maquaestionum</span> <span class='ocrx_word' id='word_1_103' title='bbox 543 1701 669 1773; x_wconf 82' lang='lat' dir='ltr'>genera</span> <span class='ocrx_word' id='word_1_104' title='bbox 692 1681 891 1771; x_wconf 85' lang='lat' dir='ltr'>ponuntur:</span> <span class='ocrx_word' id='word_1_105' title='bbox 917 1692 997 1741; x_wconf 85' lang='lat' dir='ltr'>nam</span> <span class='ocrx_word' id='word_1_106' title='bbox 1021 1675 1082 1738; x_wconf 85' lang='lat' dir='ltr'>sut</span> <span class='ocrx_word' id='word_1_107' title='bbox 1105 1659 1250 1758; x_wconf 85' lang='lat' dir='ltr'>simplex</span> <span class='ocrx_word' id='word_1_108' title='bbox 1274 1662 1337 1727; x_wconf 85' lang='lat' dir='ltr'>est</span> 
     </span>
     <span class='ocr_line' id='line_1_15' title="bbox 222 1757 1339 1874; baseline -0.026 -22"><span class='ocrx_word' id='word_1_109' title='bbox 222 1777 426 1874; x_wconf 82' lang='lat' dir='ltr'>disceptatio</span> <span class='ocrx_word' id='word_1_110' title='bbox 441 1805 450 1864; x_wconf 94' lang='lat'>;</span> <span class='ocrx_word' id='word_1_111' title='bbox 475 1785 524 1858; x_wconf 87' lang='lat' dir='ltr'>ut,</span> <span class='ocrx_word' id='word_1_112' title='bbox 541 1776 569 1846; x_wconf 91' lang='lat' dir='ltr'>si</span> <span class='ocrx_word' id='word_1_113' title='bbox 585 1774 785 1851; x_wconf 85' lang='lat' dir='ltr'>disseratur,</span> <span class='ocrx_word' id='word_1_114' title='bbox 806 1765 1059 1864; x_wconf 79' lang='lat' dir='ltr'>Expetendane</span> <span class='ocrx_word' id='word_1_115' title='bbox 1074 1762 1120 1832; x_wconf 87' lang='lat' dir='ltr'>sit</span> <span class='ocrx_word' id='word_1_116' title='bbox 1137 1757 1243 1852; x_wconf 85' lang='lat' dir='ltr'>gloria</span> <span class='ocrx_word' id='word_1_117' title='bbox 1254 1780 1263 1826; x_wconf 91' lang='lat'>:</span> <span class='ocrx_word' id='word_1_118' title='bbox 1273 1758 1339 1863; x_wconf 74' lang='lat' dir='ltr'>sut</span> 
     </span>
     <span class='ocr_line' id='line_1_16' title="bbox 226 1855 1336 1971; baseline -0.025 -23"><span class='ocrx_word' id='word_1_119' title='bbox 226 1899 273 1948; x_wconf 85' lang='lat' dir='ltr'>ex</span> <span class='ocrx_word' id='word_1_120' title='bbox 289 1875 546 1971; x_wconf 80' lang='lat' dir='ltr'>comparatione</span> <span class='ocrx_word' id='word_1_121' title='bbox 559 1898 569 1957; x_wconf 91' lang='lat'>;</span> <span class='ocrx_word' id='word_1_122' title='bbox 586 1874 692 1952; x_wconf 79' lang='lat' dir='ltr'>Ltus,</span> <span class='ocrx_word' id='word_1_123' title='bbox 706 1893 752 1942; x_wconf 82' lang='lat' dir='ltr'>an</span> <span class='ocrx_word' id='word_1_124' title='bbox 768 1865 898 1941; x_wconf 75' lang='lat' dir='ltr'>divitie</span> <span class='ocrx_word' id='word_1_125' title='bbox 910 1862 1018 1960; x_wconf 86' lang='lat' dir='ltr'>magis</span> <span class='ocrx_word' id='word_1_126' title='bbox 1028 1855 1239 1956; x_wconf 75' lang='lat' dir='ltr'>expetendae</span> <span class='ocrx_word' id='word_1_127' title='bbox 1254 1858 1336 1922; x_wconf 81' lang='lat' dir='ltr'>sint.</span> 
     </span>
     <span class='ocr_line' id='line_1_17' title="bbox 220 1951 1337 2068; baseline -0.021 -24"><span class='ocrx_word' id='word_1_128' title='bbox 220 1974 433 2068; x_wconf 87' lang='lat' dir='ltr'>Simplicium</span> <span class='ocrx_word' id='word_1_129' title='bbox 450 1981 565 2044; x_wconf 81' lang='lat' dir='ltr'>sutem</span> <span class='ocrx_word' id='word_1_130' title='bbox 583 1981 669 2041; x_wconf 89' lang='lat' dir='ltr'>sunt</span> <span class='ocrx_word' id='word_1_131' title='bbox 684 1977 756 2038; x_wconf 88' lang='lat' dir='ltr'>tres</span> <span class='ocrx_word' id='word_1_132' title='bbox 778 1963 893 2037; x_wconf 87' lang='lat' dir='ltr'>modi:</span> <span class='ocrx_word' id='word_1_133' title='bbox 916 1962 962 2034; x_wconf 87' lang='lat' dir='ltr'>de</span> <span class='ocrx_word' id='word_1_134' title='bbox 980 1953 1184 2056; x_wconf 87' lang='lat' dir='ltr'>expetendis</span> <span class='ocrx_word' id='word_1_135' title='bbox 1200 1951 1337 2046; x_wconf 81' lang='lat' dir='ltr'>lugien-</span> 
     </span>
     <span class='ocr_line' id='line_1_18' title="bbox 223 2045 1339 2161; baseline -0.024 -18"><span class='ocrx_word' id='word_1_136' title='bbox 223 2069 319 2144; x_wconf 87' lang='lat' dir='ltr'>disve</span> <span class='ocrx_word' id='word_1_137' title='bbox 332 2069 455 2151; x_wconf 86' lang='lat' dir='ltr'>rebus3</span> <span class='ocrx_word' id='word_1_138' title='bbox 472 2079 522 2148; x_wconf 88' lang='lat' dir='ltr'>ut,</span> <span class='ocrx_word' id='word_1_139' title='bbox 538 2063 785 2161; x_wconf 85' lang='lat' dir='ltr'>Expetendine</span> <span class='ocrx_word' id='word_1_140' title='bbox 803 2064 953 2134; x_wconf 86' lang='lat' dir='ltr'>honores</span> <span class='ocrx_word' id='word_1_141' title='bbox 969 2059 1054 2137; x_wconf 88' lang='lat' dir='ltr'>sint,</span> <span class='ocrx_word' id='word_1_142' title='bbox 1070 2077 1158 2128; x_wconf 93' lang='lat' dir='ltr'>num</span> <span class='ocrx_word' id='word_1_143' title='bbox 1173 2045 1339 2146; x_wconf 84' lang='lat' dir='ltr'>fugienda</span> 
     </span>
     <span class='ocr_line' id='line_1_19' title="bbox 223 2143 1336 2283; baseline -0.023 -41"><span class='ocrx_word' id='word_1_144' title='bbox 223 2177 426 2283; x_wconf 74' lang='lat' dir='ltr'>paupertas:</span> <span class='ocrx_word' id='word_1_145' title='bbox 452 2165 497 2240; x_wconf 89' lang='lat' dir='ltr'>de</span> <span class='ocrx_word' id='word_1_146' title='bbox 512 2187 620 2263; x_wconf 81' lang='lat' dir='ltr'>aequc</span> <span class='ocrx_word' id='word_1_147' title='bbox 634 2173 695 2235; x_wconf 85' lang='lat' dir='ltr'>aut</span> <span class='ocrx_word' id='word_1_148' title='bbox 710 2160 841 2258; x_wconf 89' lang='lat' dir='ltr'>iniquo,</span> <span class='ocrx_word' id='word_1_149' title='bbox 863 2160 882 2214; x_wconf 85' lang='lat'><strong><em>⁷</em></strong></span> <span class='ocrx_word' id='word_1_150' title='bbox 899 2156 1114 2254; x_wconf 81' lang='lat' dir='ltr'>AEquumne</span> <span class='ocrx_word' id='word_1_151' title='bbox 1138 2151 1185 2224; x_wconf 87' lang='lat' dir='ltr'>sit</span> <span class='ocrx_word' id='word_1_152' title='bbox 1201 2143 1336 2220; x_wconf 90' lang='lat' dir='ltr'>ulscisci</span> 
     </span>
     <span class='ocr_line' id='line_1_20' title="bbox 223 2245 1338 2366; baseline -0.024 -26"><span class='ocrx_word' id='word_1_153' title='bbox 223 2267 364 2366; x_wconf 81' lang='lat' dir='ltr'>injurius</span> <span class='ocrx_word' id='word_1_154' title='bbox 389 2265 491 2338; x_wconf 87' lang='lat' dir='ltr'>etium</span> <span class='ocrx_word' id='word_1_155' title='bbox 517 2261 813 2362; x_wconf 84' lang='lat' dir='ltr'>propinquorum:</span> <span class='ocrx_word' id='word_1_156' title='bbox 838 2257 882 2330; x_wconf 90' lang='lat' dir='ltr'>de</span> <span class='ocrx_word' id='word_1_157' title='bbox 906 2255 1058 2328; x_wconf 86' lang='lat' dir='ltr'>honesto</span> <span class='ocrx_word' id='word_1_158' title='bbox 1076 2257 1137 2326; x_wconf 83' lang='lat' dir='ltr'>aut</span> <span class='ocrx_word' id='word_1_159' title='bbox 1158 2245 1274 2344; x_wconf 82' lang='lat' dir='ltr'>turpi-3</span> <span class='ocrx_word' id='word_1_160' title='bbox 1297 2251 1338 2314; x_wconf 94' lang='lat' dir='ltr'>ut</span> 
     </span>
     <span class='ocr_line' id='line_1_21' title="bbox 224 2343 1337 2454; baseline -0.025 -15"><span class='ocrx_word' id='word_1_161' title='bbox 224 2367 302 2442; x_wconf 85' lang='lat' dir='ltr'>hcc,</span> <span class='ocrx_word' id='word_1_162' title='bbox 318 2366 418 2435; x_wconf 90' lang='lat' dir='ltr'>Sitne</span> <span class='ocrx_word' id='word_1_163' title='bbox 434 2364 618 2434; x_wconf 86' lang='lat' dir='ltr'>honestum</span> <span class='ocrx_word' id='word_1_164' title='bbox 636 2359 756 2454; x_wconf 73' lang='lat' dir='ltr'>glories</span> <span class='ocrx_word' id='word_1_165' title='bbox 769 2379 899 2432; x_wconf 72' lang='lat' dir='ltr'>caussa,</span> <span class='ocrx_word' id='word_1_166' title='bbox 910 2360 1062 2425; x_wconf 43' lang='lat' dir='ltr'>&#39;mortem</span> <span class='ocrx_word' id='word_1_167' title='bbox 1082 2349 1187 2422; x_wconf 86' lang='lat' dir='ltr'>obire.</span> <span class='ocrx_word' id='word_1_168' title='bbox 1229 2343 1337 2414; x_wconf 39' lang='lat' dir='ltr'>*Com-</span> 
     </span>
     <span class='ocr_line' id='line_1_22' title="bbox 224 2438 1336 2560; baseline -0.022 -27"><span class='ocrx_word' id='word_1_169' title='bbox 224 2459 410 2560; x_wconf 74' lang='lat' dir='ltr'>parationis</span> <span class='ocrx_word' id='word_1_170' title='bbox 425 2468 541 2532; x_wconf 84' lang='lat' dir='ltr'>autem</span> <span class='ocrx_word' id='word_1_171' title='bbox 562 2458 631 2530; x_wconf 91' lang='lat' dir='ltr'>duo</span> <span class='ocrx_word' id='word_1_172' title='bbox 647 2464 730 2525; x_wconf 87' lang='lat' dir='ltr'>sunt</span> <span class='ocrx_word' id='word_1_173' title='bbox 748 2453 852 2526; x_wconf 90' lang='lat' dir='ltr'>modi:</span> <span class='ocrx_word' id='word_1_174' title='bbox 878 2468 984 2529; x_wconf 88' lang='lat' dir='ltr'>unus,</span> <span class='ocrx_word' id='word_1_175' title='bbox 1007 2445 1089 2520; x_wconf 78' lang='lat' dir='ltr'>cum</span> <span class='ocrx_word' id='word_1_176' title='bbox 1115 2445 1255 2518; x_wconf 88' lang='lat' dir='ltr'>idemne</span> <span class='ocrx_word' id='word_1_177' title='bbox 1279 2438 1336 2520; x_wconf 83' lang='lat' dir='ltr'>sit,</span> 
     </span>
     <span class='ocr_line' id='line_1_23' title="bbox 215 2544 1340 2656; baseline -0.023 -24"><span class='ocrx_word' id='word_1_178' title='bbox 215 2583 268 2646; x_wconf 42' lang='lat' dir='ltr'>&#39;un</span> <span class='ocrx_word' id='word_1_179' title='bbox 284 2551 418 2650; x_wconf 82' lang='lat' dir='ltr'>aliquid</span> <span class='ocrx_word' id='word_1_180' title='bbox 435 2552 585 2634; x_wconf 85' lang='lat' dir='ltr'>intersit,</span> <span class='ocrx_word' id='word_1_181' title='bbox 603 2550 772 2656; x_wconf 86' lang='lat' dir='ltr'>quseritur</span> <span class='ocrx_word' id='word_1_182' title='bbox 795 2559 835 2620; x_wconf 89' lang='lat' dir='ltr'>ut</span> <span class='ocrx_word' id='word_1_183' title='bbox 850 2557 1003 2621; x_wconf 82' lang='lat' dir='ltr'>metuere</span> <span class='ocrx_word' id='word_1_184' title='bbox 1026 2555 1063 2618; x_wconf 87' lang='lat' dir='ltr'>et</span> <span class='ocrx_word' id='word_1_185' title='bbox 1079 2544 1201 2625; x_wconf 72' lang='lat' dir='ltr'>terrei,</span> <span class='ocrx_word' id='word_1_186' title='bbox 1225 2548 1264 2612; x_wconf 86' lang='lat' dir='ltr'>ut</span> <span class='ocrx_word' id='word_1_187' title='bbox 1278 2559 1340 2610; x_wconf 83' lang='lat' dir='ltr'>rer</span> 
     </span>
     <span class='ocr_line' id='line_1_24' title="bbox 225 2639 1339 2751; baseline -0.022 -21"><span class='ocrx_word' id='word_1_188' title='bbox 225 2666 263 2730; x_wconf 88' lang='lat' dir='ltr'>et</span> <span class='ocrx_word' id='word_1_189' title='bbox 278 2665 451 2751; x_wconf 78' lang='lat' dir='ltr'>tyrannus,</span> <span class='ocrx_word' id='word_1_190' title='bbox 467 2659 507 2722; x_wconf 92' lang='lat' dir='ltr'>ut</span> <span class='ocrx_word' id='word_1_191' title='bbox 520 2658 703 2722; x_wconf 77' lang='lat' dir='ltr'>assentator</span> <span class='ocrx_word' id='word_1_192' title='bbox 719 2657 757 2720; x_wconf 84' lang='lat' dir='ltr'>et</span> <span class='ocrx_word' id='word_1_193' title='bbox 772 2647 916 2720; x_wconf 82' lang='lat' dir='ltr'>amicus:</span> <span class='ocrx_word' id='word_1_194' title='bbox 941 2644 1039 2724; x_wconf 83' lang='lat' dir='ltr'>alter,</span> <span class='ocrx_word' id='word_1_195' title='bbox 1051 2642 1144 2723; x_wconf 78' lang='lat' dir='ltr'>crim,</span> <span class='ocrx_word' id='word_1_196' title='bbox 1158 2639 1242 2738; x_wconf 93' lang='lat' dir='ltr'>quid</span> <span class='ocrx_word' id='word_1_197' title='bbox 1254 2659 1339 2734; x_wconf 84' lang='lat' dir='ltr'>prae·</span> 
     </span>
     <span class='ocr_line' id='line_1_25' title="bbox 225 2733 1342 2845; baseline -0.023 -15"><span class='ocrx_word' id='word_1_198' title='bbox 225 2761 297 2830; x_wconf 85' lang='lat' dir='ltr'>stet</span> <span class='ocrx_word' id='word_1_199' title='bbox 313 2750 407 2824; x_wconf 84' lang='lat' dir='ltr'>uliud</span> <span class='ocrx_word' id='word_1_200' title='bbox 423 2749 489 2830; x_wconf 87' lang='lat' dir='ltr'>ulii,</span> <span class='ocrx_word' id='word_1_201' title='bbox 504 2747 696 2845; x_wconf 81' lang='lat' dir='ltr'>quaeritur3</span> <span class='ocrx_word' id='word_1_202' title='bbox 720 2754 760 2818; x_wconf 89' lang='lat' dir='ltr'>ut</span> <span class='ocrx_word' id='word_1_203' title='bbox 771 2744 868 2824; x_wconf 93' lang='lat' dir='ltr'>illud,</span> <span class='ocrx_word' id='word_1_204' title='bbox 881 2741 1064 2840; x_wconf 87' lang='lat' dir='ltr'>Optimine</span> <span class='ocrx_word' id='word_1_205' title='bbox 1076 2733 1342 2835; x_wconf 82' lang='lat' dir='ltr'>cujusquesapi-</span> 
     </span>
     <span class='ocr_line' id='line_1_26' title="bbox 225 2831 1342 2945; baseline -0.022 -18"><span class='ocrx_word' id='word_1_206' title='bbox 225 2861 336 2932; x_wconf 84' lang='lat' dir='ltr'>entes,</span> <span class='ocrx_word' id='word_1_207' title='bbox 352 2873 397 2922; x_wconf 90' lang='lat' dir='ltr'>sn</span> <span class='ocrx_word' id='word_1_208' title='bbox 419 2845 571 2945; x_wconf 85' lang='lat' dir='ltr'>populari</span> <span class='ocrx_word' id='word_1_209' title='bbox 585 2847 686 2919; x_wconf 88' lang='lat' dir='ltr'>lsude</span> <span class='ocrx_word' id='word_1_210' title='bbox 701 2845 897 2917; x_wconf 81' lang='lat' dir='ltr'>ducuntur:</span> <span class='ocrx_word' id='word_1_211' title='bbox 921 2851 1027 2936; x_wconf 86' lang='lat' dir='ltr'>utque</span> <span class='ocrx_word' id='word_1_212' title='bbox 1043 2861 1097 2908; x_wconf 87' lang='lat' dir='ltr'>ece</span> <span class='ocrx_word' id='word_1_213' title='bbox 1112 2835 1255 2933; x_wconf 89' lang='lat' dir='ltr'>quidem</span> <span class='ocrx_word' id='word_1_214' title='bbox 1272 2831 1342 2903; x_wconf 91' lang='lat' dir='ltr'>dis·</span> 
     </span>
     <span class='ocr_line' id='line_1_27' title="bbox 226 2929 1345 3048; baseline -0.021 -21"><span class='ocrx_word' id='word_1_215' title='bbox 226 2948 449 3048; x_wconf 71' lang='lat' dir='ltr'>repletiones,</span> <span class='ocrx_word' id='word_1_216' title='bbox 458 2967 542 3042; x_wconf 81' lang='lat' dir='ltr'>quse</span> <span class='ocrx_word' id='word_1_217' title='bbox 554 2944 597 3016; x_wconf 87' lang='lat' dir='ltr'>cd</span> <span class='ocrx_word' id='word_1_218' title='bbox 611 2942 849 3040; x_wconf 83' lang='lat' dir='ltr'>cognitionem</span> <span class='ocrx_word' id='word_1_219' title='bbox 860 2940 1069 3021; x_wconf 81' lang='lat' dir='ltr'>referuntur,</span> <span class='ocrx_word' id='word_1_220' title='bbox 1081 2935 1128 3008; x_wconf 89' lang='lat' dir='ltr'>sic</span> <span class='ocrx_word' id='word_1_221' title='bbox 1139 2933 1210 3008; x_wconf 86' lang='lat' dir='ltr'>fere</span> <span class='ocrx_word' id='word_1_222' title='bbox 1223 2931 1245 3000; x_wconf 79' lang='lat' dir='ltr'>ri</span> <span class='ocrx_word' id='word_1_223' title='bbox 1256 2929 1345 3004; x_wconf 88' lang='lat' dir='ltr'>doc·</span> 
     </span>
     <span class='ocr_line' id='line_1_28' title="bbox 225 3039 1257 3126; baseline -0.021 0"><span class='ocrx_word' id='word_1_224' title='bbox 225 3046 368 3126; x_wconf 87' lang='lat' dir='ltr'>tissimis</span> <span class='ocrx_word' id='word_1_225' title='bbox 384 3043 584 3120; x_wconf 83' lang='lat' dir='ltr'>homiuibus</span> <span class='ocrx_word' id='word_1_226' title='bbox 598 3041 848 3117; x_wconf 84' lang='lat' dir='ltr'>describunter.</span> <span class='ocrx_word' id='word_1_227' title='bbox 917 3039 920 3044; x_wconf 87' lang='grc'>’</span> <span class='ocrx_word' id='word_1_228' title='bbox 1113 3049 1116 3054; x_wconf 79' lang='grc'><strong>“</strong></span> <span class='ocrx_word' id='word_1_229' title='bbox 1255 3065 1257 3071; x_wconf 32' lang='lat' dir='ltr'>v</span> 
     </span>
    </p>

    <p class='ocr_par' dir='ltr' id='par_1_3' title="bbox 226 3143 1345 4030">
     <span class='ocr_line' id='line_1_29' title="bbox 227 3143 1342 3253; baseline -0.015 -18"><span class='ocrx_word' id='word_1_230' title='bbox 227 3171 233 3182; x_wconf 82' lang='lat'>&#39;</span> <span class='ocrx_word' id='word_1_231' title='bbox 268 3185 284 3234; x_wconf 78' lang='grc'><strong><em>5</em></strong></span> <span class='ocrx_word' id='word_1_232' title='bbox 300 3188 350 3234; x_wconf 84' lang='lat' dir='ltr'>cur</span> <span class='ocrx_word' id='word_1_233' title='bbox 363 3171 423 3235; x_wconf 75' lang='lat' dir='ltr'>crim</span> <span class='ocrx_word' id='word_1_234' title='bbox 438 3169 605 3253; x_wconf 54' lang='lat' dir='ltr'>caeritum]</span> <span class='ocrx_word' id='word_1_235' title='bbox 624 3172 739 3232; x_wconf 78' lang='lat' dir='ltr'>Mutari</span> <span class='ocrx_word' id='word_1_236' title='bbox 754 3173 907 3250; x_wconf 83' lang='lat' dir='ltr'>vulgatum</span> <span class='ocrx_word' id='word_1_237' title='bbox 921 3184 953 3228; x_wconf 83' lang='lat' dir='ltr'>ut</span> <span class='ocrx_word' id='word_1_238' title='bbox 967 3171 996 3229; x_wconf 92' lang='lat' dir='ltr'>in</span> <span class='ocrx_word' id='word_1_239' title='bbox 1010 3179 1069 3237; x_wconf 83' lang='lat' dir='ltr'>aut,</span> <span class='ocrx_word' id='word_1_240' title='bbox 1084 3161 1151 3243; x_wconf 87' lang='lat' dir='ltr'>quia</span> <span class='ocrx_word' id='word_1_241' title='bbox 1164 3143 1342 3235; x_wconf 85' lang='lat' dir='ltr'>exemplum</span> 
     </span>
     <span class='ocr_line' id='line_1_30' title="bbox 226 3240 1344 3350; baseline -0.015 -36"><span class='ocrx_word' id='word_1_242' title='bbox 226 3273 284 3314; x_wconf 88' lang='lat' dir='ltr'>non</span> <span class='ocrx_word' id='word_1_243' title='bbox 294 3255 458 3347; x_wconf 70' lang='lat' dir='ltr'>subjicitur,</span> <span class='ocrx_word' id='word_1_244' title='bbox 470 3255 647 3350; x_wconf 71' lang='lat' dir='ltr'>sedspecies</span> <span class='ocrx_word' id='word_1_245' title='bbox 662 3256 798 3330; x_wconf 86' lang='lat' dir='ltr'>quaedsm</span> <span class='ocrx_word' id='word_1_246' title='bbox 813 3249 990 3310; x_wconf 85' lang='lat' dir='ltr'>definitionis</span> <span class='ocrx_word' id='word_1_247' title='bbox 1006 3272 1014 3305; x_wconf 79' lang='lat' dir='ltr'>r</span> <span class='ocrx_word' id='word_1_248' title='bbox 1043 3260 1166 3326; x_wconf 80' lang='lat' dir='ltr'>quatuor</span> <span class='ocrx_word' id='word_1_249' title='bbox 1185 3240 1251 3319; x_wconf 85' lang='lat' dir='ltr'>ejus</span> <span class='ocrx_word' id='word_1_250' title='bbox 1267 3250 1344 3331; x_wconf 63' lang='lat' dir='ltr'>⁸sunt</span> 
     </span>
     <span class='ocr_line' id='line_1_31' title="bbox 226 3327 1342 3412; baseline -0.028 -5"><span class='ocrx_word' id='word_1_251' title='bbox 226 3351 362 3412; x_wconf 57' lang='lat' dir='ltr'>‘lma‘</span> <span class='ocrx_word' id='word_1_252' title='bbox 383 3347 540 3410; x_wconf 61' lang='lat' dir='ltr'>prlmaests</span> <span class='ocrx_word' id='word_1_253' title='bbox 552 3351 620 3392; x_wconf 79' lang='lat' dir='ltr'>cum</span> <span class='ocrx_word' id='word_1_254' title='bbox 630 3336 783 3410; x_wconf 75' lang='lat' dir='ltr'>quau-itur,</span> <span class='ocrx_word' id='word_1_255' title='bbox 797 3331 866 3408; x_wconf 86' lang='lat' dir='ltr'>quid</span> <span class='ocrx_word' id='word_1_256' title='bbox 876 3331 906 3390; x_wconf 91' lang='lat' dir='ltr'>in</span> <span class='ocrx_word' id='word_1_257' title='bbox 916 3327 1178 3390; x_wconf 76' lang='lat' dir='ltr'>communi-mente</span> <span class='ocrx_word' id='word_1_258' title='bbox 1192 3337 1278 3398; x_wconf 84' lang='lat' dir='ltr'>quast</span> <span class='ocrx_word' id='word_1_259' title='bbox 1287 3337 1342 3377; x_wconf 86' lang='lat' dir='ltr'>rm·</span> 
     </span>
     <span class='ocr_line' id='line_1_32' title="bbox 226 3397 1343 3528; baseline -0.014 -55"><span class='ocrx_word' id='word_1_260' title='bbox 226 3431 365 3490; x_wconf 85' lang='lat' dir='ltr'>pressum</span> <span class='ocrx_word' id='word_1_261' title='bbox 379 3413 424 3482; x_wconf 85' lang='lat' dir='ltr'>sit,</span> <span class='ocrx_word' id='word_1_262' title='bbox 438 3431 526 3490; x_wconf 86' lang='lat' dir='ltr'>quam</span> <span class='ocrx_word' id='word_1_263' title='bbox 546 3411 653 3470; x_wconf 82' lang='lat' dir='ltr'>Cicero</span> <span class='ocrx_word' id='word_1_264' title='bbox 671 3411 702 3486; x_wconf 85' lang='lat' dir='ltr'>ip</span> <span class='ocrx_word' id='word_1_265' title='bbox 717 3412 839 3488; x_wconf 85' lang='lat' dir='ltr'>Topicis</span> <span class='ocrx_word' id='word_1_266' title='bbox 853 3424 934 3470; x_wconf 83' lang='lat' dir='ltr'>vocat</span> <span class='ocrx_word' id='word_1_267' title='bbox 946 3410 1106 3476; x_wconf 89' lang='lat' dir='ltr'>notionem,</span> <span class='ocrx_word' id='word_1_268' title='bbox 1117 3410 1142 3464; x_wconf 73' lang='grc' dir='ltr'>δι</span> <span class='ocrx_word' id='word_1_269' title='bbox 1152 3401 1218 3528; x_wconf 56' lang='lat' dir='ltr'>epus</span> <span class='ocrx_word' id='word_1_270' title='bbox 1232 3397 1343 3484; x_wconf 81' lang='lat' dir='ltr'>speciei</span> 
     </span>
     <span class='ocr_line' id='line_1_33' title="bbox 227 3478 1344 3569; baseline -0.015 -17"><span class='ocrx_word' id='word_1_271' title='bbox 227 3497 401 3569; x_wconf 83' lang='lat' dir='ltr'>exemplum</span> <span class='ocrx_word' id='word_1_272' title='bbox 412 3503 466 3562; x_wconf 91' lang='lat' dir='ltr'>est,</span> <span class='ocrx_word' id='word_1_273' title='bbox 486 3493 558 3545; x_wconf 84' lang='lat' dir='ltr'>Idne</span> <span class='ocrx_word' id='word_1_274' title='bbox 569 3504 611 3546; x_wconf 81' lang='lat' dir='ltr'>est</span> <span class='ocrx_word' id='word_1_275' title='bbox 618 3493 682 3564; x_wconf 80' lang='lat' dir='ltr'>jus,</span> <span class='ocrx_word' id='word_1_276' title='bbox 703 3497 779 3562; x_wconf 80' lang='lat' dir='ltr'>quod</span> <span class='ocrx_word' id='word_1_277' title='bbox 793 3494 922 3546; x_wconf 73' lang='lat' dir='ltr'>maxime</span> <span class='ocrx_word' id='word_1_278' title='bbox 933 3495 1016 3559; x_wconf 70' lang='lat' dir='ltr'>parci</span> <span class='ocrx_word' id='word_1_279' title='bbox 1025 3495 1064 3546; x_wconf 78' lang='lat' dir='ltr'>sit</span> <span class='ocrx_word' id='word_1_280' title='bbox 1079 3490 1149 3542; x_wconf 84' lang='lat' dir='ltr'>utile</span> <span class='ocrx_word' id='word_1_281' title='bbox 1164 3528 1170 3540; x_wconf 93' lang='lat'><em>.</em></span> <span class='ocrx_word' id='word_1_282' title='bbox 1209 3478 1344 3546; x_wconf 82' lang='lat' dir='ltr'>Secunda</span> 
     </span>
     <span class='ocr_line' id='line_1_34' title="bbox 226 3555 1343 3648; baseline -0.015 -18"><span class='ocrx_word' id='word_1_283' title='bbox 226 3571 373 3642; x_wconf 80' lang='lat' dir='ltr'>est‚cl1m‚</span> <span class='ocrx_word' id='word_1_284' title='bbox 394 3570 464 3648; x_wconf 87' lang='lat' dir='ltr'>quid</span> <span class='ocrx_word' id='word_1_285' title='bbox 488 3569 637 3648; x_wconf 85' lang='lat' dir='ltr'>cujusque</span> <span class='ocrx_word' id='word_1_286' title='bbox 665 3569 702 3629; x_wconf 91' lang='lat' dir='ltr'>sit</span> <span class='ocrx_word' id='word_1_287' title='bbox 715 3569 877 3647; x_wconf 89' lang='lat' dir='ltr'>proprium,</span> <span class='ocrx_word' id='word_1_288' title='bbox 896 3567 1069 3644; x_wconf 80' lang='lat' dir='ltr'>exquiritur,</span> <span class='ocrx_word' id='word_1_289' title='bbox 1090 3565 1167 3642; x_wconf 91' lang='lat' dir='ltr'>quod</span> <span class='ocrx_word' id='word_1_290' title='bbox 1187 3559 1292 3618; x_wconf 83' lang='lat' dir='ltr'>Cicero</span> <span class='ocrx_word' id='word_1_291' title='bbox 1312 3555 1343 3614; x_wconf 89' lang='lat' dir='ltr'>in</span> 
     </span>
     <span class='ocr_line' id='line_1_35' title="bbox 227 3629 1344 3727; baseline -0.013 -19"><span class='ocrx_word' id='word_1_292' title='bbox 227 3650 351 3724; x_wconf 86' lang='lat' dir='ltr'>Topicis</span> <span class='ocrx_word' id='word_1_293' title='bbox 366 3663 449 3710; x_wconf 81' lang='lat' dir='ltr'>vocat</span> <span class='ocrx_word' id='word_1_294' title='bbox 461 3650 678 3727; x_wconf 79' lang='lat' dir='ltr'>proprietatem.</span> <span class='ocrx_word' id='word_1_295' title='bbox 720 3651 833 3714; x_wconf 77' lang='lat' dir='ltr'>&#39;l‘ertisu</span> <span class='ocrx_word' id='word_1_296' title='bbox 851 3647 920 3708; x_wconf 78' lang='lat' dir='ltr'>crim</span> <span class='ocrx_word' id='word_1_297' title='bbox 936 3667 985 3704; x_wconf 86' lang='lat' dir='ltr'>res</span> <span class='ocrx_word' id='word_1_298' title='bbox 998 3629 1181 3706; x_wconf 81' lang='lat' dir='ltr'>distribuitui</span> <span class='ocrx_word' id='word_1_299' title='bbox 1193 3640 1222 3698; x_wconf 91' lang='lat' dir='ltr'>in</span> <span class='ocrx_word' id='word_1_300' title='bbox 1237 3652 1344 3714; x_wconf 81' lang='lat' dir='ltr'>panes,</span> 
     </span>
     <span class='ocr_line' id='line_1_36' title="bbox 226 3715 1345 3818; baseline -0.015 -25"><span class='ocrx_word' id='word_1_301' title='bbox 226 3729 305 3808; x_wconf 81' lang='lat' dir='ltr'>quod</span> <span class='ocrx_word' id='word_1_302' title='bbox 314 3741 397 3818; x_wconf 64' lang='lat' dir='ltr'>voest</span> <span class='ocrx_word' id='word_1_303' title='bbox 410 3729 593 3788; x_wconf 85' lang='lat' dir='ltr'>divisionem.</span> <span class='ocrx_word' id='word_1_304' title='bbox 634 3731 754 3802; x_wconf 79' lang='lat' dir='ltr'>Quarta,</span> <span class='ocrx_word' id='word_1_305' title='bbox 767 3729 847 3799; x_wconf 79' lang='lat' dir='ltr'>edm,</span> <span class='ocrx_word' id='word_1_306' title='bbox 869 3745 935 3805; x_wconf 86' lang='lat' dir='ltr'>quae</span> <span class='ocrx_word' id='word_1_307' title='bbox 950 3727 1044 3784; x_wconf 77' lang='lat' dir='ltr'>forms</span> <span class='ocrx_word' id='word_1_308' title='bbox 1066 3719 1192 3799; x_wconf 82' lang='lat' dir='ltr'>etqussi</span> <span class='ocrx_word' id='word_1_309' title='bbox 1205 3715 1345 3778; x_wconf 77' lang='lat' dir='ltr'>naturalis</span> 
     </span>
     <span class='ocr_line' id='line_1_37' title="bbox 227 3797 1343 3886; baseline -0.013 -16"><span class='ocrx_word' id='word_1_310' title='bbox 227 3821 295 3870; x_wconf 84' lang='lat' dir='ltr'>ncta</span> <span class='ocrx_word' id='word_1_311' title='bbox 308 3825 453 3884; x_wconf 72' lang='lat' dir='ltr'>cujusque</span> <span class='ocrx_word' id='word_1_312' title='bbox 479 3810 524 3876; x_wconf 89' lang='lat' dir='ltr'>sit,</span> <span class='ocrx_word' id='word_1_313' title='bbox 546 3809 727 3879; x_wconf 78' lang='lat' dir='ltr'>describitur,</span> <span class='ocrx_word' id='word_1_314' title='bbox 750 3825 840 3886; x_wconf 86' lang='lat' dir='ltr'>quam</span> <span class='ocrx_word' id='word_1_315' title='bbox 866 3821 950 3866; x_wconf 85' lang='lat' dir='ltr'>vocat</span> <span class='ocrx_word' id='word_1_316' title='bbox 973 3802 1208 3879; x_wconf 83' lang='lat' dir='ltr'>descriptionem.</span> <span class='ocrx_word' id='word_1_317' title='bbox 1251 3797 1343 3856; x_wconf 85' lang='lat' dir='ltr'>Vides</span> 
     </span>
     <span class='ocr_line' id='line_1_38' title="bbox 227 3874 1344 4026; baseline -0.022 -68"><span class='ocrx_word' id='word_1_318' title='bbox 227 3889 441 4026; x_wconf 59' lang='lat' dir='ltr'>igliufsbleclor,</span> <span class='ocrx_word' id='word_1_319' title='bbox 454 3899 504 3945; x_wconf 83' lang='lat' dir='ltr'>aut</span> <span class='ocrx_word' id='word_1_320' title='bbox 518 3889 678 3966; x_wconf 84' lang='lat' dir='ltr'>legendum</span> <span class='ocrx_word' id='word_1_321' title='bbox 688 3909 752 3950; x_wconf 87' lang='lat' dir='ltr'>esse</span> <span class='ocrx_word' id='word_1_322' title='bbox 769 3912 777 3960; x_wconf 89' lang='lat'>;</span> <span class='ocrx_word' id='word_1_323' title='bbox 797 3890 875 3964; x_wconf 90' lang='lat' dir='ltr'>quod</span> <span class='ocrx_word' id='word_1_324' title='bbox 886 3885 1069 3963; x_wconf 73' lang='lat' dir='ltr'>praeponitur</span> <span class='ocrx_word' id='word_1_325' title='bbox 1082 3883 1173 3944; x_wconf 86' lang='lat' dir='ltr'>tribus</span> <span class='ocrx_word' id='word_1_326' title='bbox 1186 3874 1344 3956; x_wconf 78' lang='lat' dir='ltr'>postremis</span> 
     </span>
     <span class='ocr_line' id='line_1_39' title="bbox 227 3983 390 4030; baseline -0.049 0"><span class='ocrx_word' id='word_1_327' title='bbox 227 3989 242 4030; x_wconf 72' lang='grc' dir='ltr'><strong>Β</strong></span> <span class='ocrx_word' id='word_1_328' title='bbox 281 3985 326 4026; x_wconf 81' lang='lat' dir='ltr'>cle</span> <span class='ocrx_word' id='word_1_329' title='bbox 345 3983 390 4024; x_wconf 89' lang='lat' dir='ltr'>us.</span> 
     </span>
    </p>

    <p class='ocr_par' dir='ltr' id='par_1_4' title="bbox 131 3987 1347 4425">
     <span class='ocr_line' id='line_1_40' title="bbox 131 3987 1347 4128; baseline -0.025 -5"><span class='ocrx_word' id='word_1_330' title='bbox 131 4081 155 4104; x_wconf 77' lang='grc'>··</span> <span class='ocrx_word' id='word_1_331' title='bbox 242 3987 360 4117; x_wconf 51' lang='lat' dir='ltr'>pellani</span> <span class='ocrx_word' id='word_1_332' title='bbox 376 4047 552 4114; x_wconf 53' lang='lat' dir='ltr'>Sinuessa,</span> <span class='ocrx_word' id='word_1_333' title='bbox 567 4047 720 4128; x_wconf 59' lang='lat' dir='ltr'>corpses]</span> <span class='ocrx_word' id='word_1_334' title='bbox 741 4046 819 4105; x_wconf 83' lang='lat' dir='ltr'>Ctim</span> <span class='ocrx_word' id='word_1_335' title='bbox 843 4047 900 4104; x_wconf 89' lang='lat' dir='ltr'>duc</span> <span class='ocrx_word' id='word_1_336' title='bbox 921 4045 1060 4119; x_wconf 76' lang='lat' dir='ltr'>exempla</span> <span class='ocrx_word' id='word_1_337' title='bbox 1083 4039 1219 4120; x_wconf 83' lang='lat' dir='ltr'>ejusdem</span> <span class='ocrx_word' id='word_1_338' title='bbox 1237 4034 1347 4113; x_wconf 88' lang='lat' dir='ltr'>speciei</span> 
     </span>
     <span class='ocr_line' id='line_1_41' title="bbox 227 4120 1345 4219; baseline -0.011 -33"><span class='ocrx_word' id='word_1_339' title='bbox 227 4127 346 4219; x_wconf 72' lang='lat' dir='ltr'>adducit</span> <span class='ocrx_word' id='word_1_340' title='bbox 364 4130 499 4196; x_wconf 72' lang='lat' dir='ltr'>Crassus,</span> <span class='ocrx_word' id='word_1_341' title='bbox 509 4127 586 4184; x_wconf 83' lang='lat' dir='ltr'>ntalo</span> <span class='ocrx_word' id='word_1_342' title='bbox 600 4147 669 4186; x_wconf 81' lang='lat' dir='ltr'>cnm</span> <span class='ocrx_word' id='word_1_343' title='bbox 686 4129 783 4186; x_wconf 79' lang='lat' dir='ltr'>Mstis</span> <span class='ocrx_word' id='word_1_344' title='bbox 800 4127 897 4185; x_wconf 81' lang='lat' dir='ltr'>Meud.</span> <span class='ocrx_word' id='word_1_345' title='bbox 913 4137 943 4183; x_wconf 87' lang='lat' dir='ltr'>et</span> <span class='ocrx_word' id='word_1_346' title='bbox 958 4125 1039 4182; x_wconf 81' lang='lat' dir='ltr'>Harl.</span> <span class='ocrx_word' id='word_1_347' title='bbox 1054 4141 1090 4198; x_wconf 89' lang='lat' dir='ltr'>pr</span> <span class='ocrx_word' id='word_1_348' title='bbox 1112 4129 1226 4180; x_wconf 80' lang='lat' dir='ltr'>etcum</span> <span class='ocrx_word' id='word_1_349' title='bbox 1242 4120 1345 4175; x_wconf 88' lang='lat' dir='ltr'>Victo·</span> 
     </span>
     <span class='ocr_line' id='line_1_42' title="bbox 229 4201 1346 4297; baseline -0.014 -31"><span class='ocrx_word' id='word_1_350' title='bbox 229 4208 400 4297; x_wconf 74' lang='lat' dir='ltr'>r103Manut</span> <span class='ocrx_word' id='word_1_351' title='bbox 423 4210 495 4266; x_wconf 88' lang='lat' dir='ltr'>Asc.</span> <span class='ocrx_word' id='word_1_352' title='bbox 511 4206 611 4283; x_wconf 85' lang='lat' dir='ltr'>Steph.</span> <span class='ocrx_word' id='word_1_353' title='bbox 626 4220 657 4265; x_wconf 89' lang='lat' dir='ltr'>et</span> <span class='ocrx_word' id='word_1_354' title='bbox 680 4209 774 4278; x_wconf 84' lang='lat' dir='ltr'>Streb.¹</span> <span class='ocrx_word' id='word_1_355' title='bbox 789 4205 911 4281; x_wconf 82' lang='lat' dir='ltr'>aliisque</span> <span class='ocrx_word' id='word_1_356' title='bbox 925 4221 1078 4280; x_wconf 85' lang='lat' dir='ltr'>reponere,</span> <span class='ocrx_word' id='word_1_357' title='bbox 1091 4215 1135 4268; x_wconf 83' lang='lat' dir='ltr'>ur,</span> <span class='ocrx_word' id='word_1_358' title='bbox 1159 4206 1254 4256; x_wconf 76' lang='lat' dir='ltr'>sintne</span> <span class='ocrx_word' id='word_1_359' title='bbox 1280 4201 1346 4260; x_wconf 80' lang='lat' dir='ltr'>tria,</span> 
     </span>
     <span class='ocr_line' id='line_1_43' title="bbox 228 4276 1347 4380; baseline -0.011 -35"><span class='ocrx_word' id='word_1_360' title='bbox 228 4297 261 4343; x_wconf 87' lang='lat' dir='ltr'>et</span> <span class='ocrx_word' id='word_1_361' title='bbox 274 4287 351 4376; x_wconf 75' lang='lat' dir='ltr'>istud</span> <span class='ocrx_word' id='word_1_362' title='bbox 374 4299 427 4380; x_wconf 66' lang='lat' dir='ltr'>put</span> <span class='ocrx_word' id='word_1_363' title='bbox 450 4285 587 4376; x_wconf 82' lang='lat' dir='ltr'>rejicere,</span> <span class='ocrx_word' id='word_1_364' title='bbox 613 4289 741 4358; x_wconf 73' lang='lat' dir='ltr'>tichico,</span> <span class='ocrx_word' id='word_1_365' title='bbox 766 4299 905 4367; x_wconf 81' lang='lat' dir='ltr'>tanquam</span> <span class='ocrx_word' id='word_1_366' title='bbox 933 4281 1048 4361; x_wconf 85' lang='lat' dir='ltr'>species</span> <span class='ocrx_word' id='word_1_367' title='bbox 1067 4299 1148 4348; x_wconf 82' lang='lat' dir='ltr'>nova,</span> <span class='ocrx_word' id='word_1_368' title='bbox 1174 4276 1347 4355; x_wconf 69' lang='lat' dir='ltr'>distinguit</span> 
     </span>
     <span class='ocr_line' id='line_1_44' title="bbox 229 4367 518 4425; baseline 0 -5"><span class='ocrx_word' id='word_1_369' title='bbox 229 4375 345 4420; x_wconf 84' lang='lat' dir='ltr'>caeterrs</span> <span class='ocrx_word' id='word_1_370' title='bbox 358 4367 518 4425; x_wconf 81' lang='lat' dir='ltr'>videantur.</span> 
     </span>
    </p>
   </div>
   <div class='ocr_carea' id='block_1_3' title="bbox 199 4441 1347 4608">
    <p class='ocr_par' dir='ltr' id='par_1_5' title="bbox 199 4441 1347 4608">
     <span class='ocr_line' id='line_1_45' title="bbox 268 4441 1347 4535; baseline 0.002 -40"><span class='ocrx_word' id='word_1_371' title='bbox 268 4443 467 4535; x_wconf 66' lang='lat' dir='ltr'>JAEquurnne</span> <span class='ocrx_word' id='word_1_372' title='bbox 478 4443 545 4526; x_wconf 59' lang='lat' dir='ltr'>sin]</span> <span class='ocrx_word' id='word_1_373' title='bbox 564 4446 681 4504; x_wconf 85' lang='lat' dir='ltr'>Censeo</span> <span class='ocrx_word' id='word_1_374' title='bbox 703 4446 863 4521; x_wconf 81' lang='lat' dir='ltr'>legendum</span> <span class='ocrx_word' id='word_1_375' title='bbox 880 4463 958 4514; x_wconf 81' lang='lat' dir='ltr'>esse,</span> <span class='ocrx_word' id='word_1_376' title='bbox 973 4459 1013 4514; x_wconf 79' lang='lat' dir='ltr'>ut,</span> <span class='ocrx_word' id='word_1_377' title='bbox 1028 4445 1192 4514; x_wconf 80' lang='lat' dir='ltr'>AEpnumne</span> <span class='ocrx_word' id='word_1_378' title='bbox 1207 4441 1246 4496; x_wconf 79' lang='lat' dir='ltr'>sit</span> <span class='ocrx_word' id='word_1_379' title='bbox 1255 4462 1268 4507; x_wconf 89' lang='lat'>,·</span> <span class='ocrx_word' id='word_1_380' title='bbox 1289 4455 1347 4499; x_wconf 76' lang='lat' dir='ltr'>vox</span> 
     </span>
     <span class='ocr_line' id='line_1_46' title="bbox 199 4519 1190 4608; baseline 0.001 -29"><span class='ocrx_word' id='word_1_381' title='bbox 199 4589 203 4598; x_wconf 26' lang='lat'>4</span> <span class='ocrx_word' id='word_1_382' title='bbox 217 4535 309 4600; x_wconf 44' lang='lat' dir='ltr'>„cuttu</span> <span class='ocrx_word' id='word_1_383' title='bbox 322 4533 355 4577; x_wconf 85' lang='lat' dir='ltr'>ur</span> <span class='ocrx_word' id='word_1_384' title='bbox 366 4532 486 4584; x_wconf 81' lang='lat' dir='ltr'>caetens</span> <span class='ocrx_word' id='word_1_385' title='bbox 499 4525 647 4606; x_wconf 75' lang='lat' dir='ltr'>exemplis</span> <span class='ocrx_word' id='word_1_386' title='bbox 659 4525 767 4604; x_wconf 83' lang='lat' dir='ltr'>ubique</span> <span class='ocrx_word' id='word_1_387' title='bbox 777 4523 807 4608; x_wconf 77' lang='lat' dir='ltr'>in</span> <span class='ocrx_word' id='word_1_388' title='bbox 816 4528 874 4608; x_wconf 80' lang='lat' dir='ltr'>hoe</span> <span class='ocrx_word' id='word_1_389' title='bbox 888 4527 985 4606; x_wconf 83' lang='lat' dir='ltr'>capite</span> <span class='ocrx_word' id='word_1_390' title='bbox 998 4519 1190 4602; x_wconf 71' lang='lat' dir='ltr'>preponitur.</span> 
     </span>
    </p>
   </div>
   <div class='ocr_carea' id='block_1_4' title="bbox 0 0 1460 5012">
    <p class='ocr_par' dir='ltr' id='par_1_6' title="bbox 0 0 1460 5012">
     <span class='ocr_line' id='line_1_47' title="bbox 0 0 1460 5012; baseline 0 0"><span class='ocrx_word' id='word_1_391' title='bbox 0 0 1460 5012; x_wconf 95' lang='lat' dir='ltr'> </span> 
     </span>
    </p>
   </div>
  </div>
 </body>
</html>
