2882 5012
558 343 686 410 tisun
705 303 828 410 ruta
955 325 957 330 ’
1114 441 1117 448 ,
1200 357 1260 414 aaa

138 503 215 581 lem
225 534 240 592 ;¹
258 495 583 594 melibsaliquanto,
600 501 706 594 quim
724 494 910 569 Albucius:
934 493 1104 570 ve1·itmin
1117 521 1173 571 me
1185 500 1261 598 qui·

143 607 227 678 dem
242 601 324 676 lusit
340 596 406 678 ille,
423 605 465 668 ut
483 595 580 668 stet.
616 595 684 668 Sed
697 605 753 666 est
770 603 886 668 tamen
897 593 976 667 haec
988 593 1172 668 collocatio
1181 623 1261 674 con·

145 701 313 786 servanda
341 697 533 776 verborum,
553 693 596 766 de
613 719 681 791 qua
696 694 831 789 loquor,
859 717 940 789 quoe
953 692 1111 789 junctam
1138 697 1260 768 oratio-

144 827 231 874 nem
246 796 359 876 ellicit,
384 816 467 888 quae
482 792 732 872 cohaerentem,
748 815 830 888 quae
853 791 987 875 laevem,
1006 815 1087 888 quae
1111 794 1262 888 {equabi-

146 899 227 972 liter
238 897 418 970 fluentem:
442 891 478 962 id
494 890 737 986 assequemini,
757 890 784 962 si
802 889 899 962 verba
915 903 1068 964 extrema
1084 917 1164 964 cum
1181 917 1262 966 con·

145 995 372 1092 sequentibus
387 989 503 1087 primis
520 990 565 1061 ita
575 987 745 1087 jungctis,
763 989 776 1038 ¹
793 996 834 1062 ut
849 1013 895 1062 ue
907 990 1024 1088 aspere
1039 1001 1261 1078 concurrant,

144 1119 235 1168 neve
250 1090 386 1165 uastius
399 1088 618 1160 diducuntur.

195 1189 330 1264 XLIV.
357 1187 463 1260 Hanc
480 1185 695 1284 diligentiam
725 1186 951 1282 subsequitur
974 1187 1133 1262 2modus
1150 1188 1261 1264 etiarn

146 1299 187 1362 et
199 1291 305 1364 forms
318 1288 499 1359 verborum
510 1313 519 1370 ;
545 1284 656 1386 (quod
678 1285 754 1382 jam
769 1308 887 1357 vereor
904 1309 949 1358 ne
966 1286 1047 1360 huic
1075 1287 1204 1360 Catulo
1216 1287 1262 1361 vi-

143 1388 271 1476 deatur
282 1409 360 1458 esse
375 1383 544 1481 puerile);
568 1407 689 1456 versus
701 1383 793 1455 enim
810 1394 944 1455 veteres
953 1385 1001 1456 illi
1018 1386 1055 1458 in
1080 1385 1159 1459 haec
1172 1387 1263 1458 solu-

147 1495 185 1558 ta
201 1485 353 1558 oratione
371 1479 634 1580 propemodum,
647 1481 715 1554 hoo
729 1489 797 1561 est,
809 1506 972 1556 numeros
983 1485 1150 1579 quosdam
1161 1483 1261 1558 nobis

148 1608 227 1658 esse
242 1579 456 1656 adhibendos
472 1589 705 1678 putaverunt:
731 1579 747 1630 3
763 1579 1050 1678 interspirationis
1067 1581 1171 1666 enim,
1189 1608 1262 1656 non

146 1678 409 1780 defatigationis
427 1688 570 1759 nostrae,
587 1702 704 1774 neque
720 1677 935 1752 librariorum
951 1680 1052 1759 notis,
1069 1680 1129 1752 sed
1146 1683 1263 1755 verbo

148 1803 230 1852 rum
239 1789 276 1850 et
285 1775 537 1850 sententiarum
546 1776 661 1858 modo,
674 1777 911 1872 interpunctas
923 1779 1091 1850 clausulas
1111 1778 1148 1850 in
1165 1779 1264 1852 orati·

152 1877 275 1949 onibus
288 1876 577 1960 essevolueruut3
600 1874 738 1974 tidque
760 1874 921 1972 princeps
946 1875 1111 1950 Isocrates
1127 1877 1264 1950 institu-

150 1975 219 2048 isse
235 1976 358 2056 fertur,
375 1982 415 2044 ut
428 1973 642 2046 inconditam
654 1973 877 2069 antiquorum
893 1972 1034 2048 dicendi
1047 1975 1264 2049 consuetudi-

145 2073 245 2156 nem,
263 2071 511 2146 delectationis
527 2083 630 2170 atque
655 2071 789 2146 aurium
809 2097 931 2146 caussa
955 2073 1264 2170 (quemadmodum

151 2171 267 2247 scribit
293 2168 480 2266 discipulus
496 2171 573 2270 ejus
595 2166 819 2254 Naucrates),
845 2172 996 2245 numeris
1018 2172 1262 2270 adstringeret.

145 2270 314 2376 'Namque
330 2269 409 2342 haeo
425 2269 498 2370 duo
517 2268 649 2350 musici,
666 2268 726 2364 qui
744 2279 841 2345 erant
856 2269 1033 2366 quondam
1048 2269 1151 2342 iidem
1184 2269 1265 2374 po'e’·

150 2406 281 2474 nontam
300 2392 430 2451 affectate
455 2405 484 2452 et
498 2391 652 2452 ¹fastidiose
673 2391 763 2454 uitatis
776 2413 875 2470 agere,
896 2394 985 2474 quim
1010 2393 1080 2452 lecit
1103 2390 1262 2453 Albucius:

117 2541 121 2549 .
148 2469 231 2532 idem
245 2471 347 2540 sentio,
360 2489 392 2528 ac
408 2471 467 2543 ille,
481 2473 568 2534 verba
577 2492 643 2534 esse
657 2475 904 2550 coagmentatum,
925 2477 977 2534 sed
989 2473 1079 2534 nolim
1097 2473 1186 2536 nimis
1200 2471 1265 2531 dili·

148 2570 227 2630 ,gens
241 2549 344 2610 videri.

200 2640 258 2688 tut
272 2628 308 2688 n?
324 2627 426 2696 caneri
450 2645 631 2702 concurrant,
653 2629 726 2714 etc]
748 2634 880 2704 Rectius,
901 2648 933 2694 ut
954 2634 1065 2711 opinor,
1087 2637 1171 2712 legas
1193 2652 1266 2694 eum

153 2709 394 2772 nauscantes
419 2707 508 2785 Wag.
530 2724 561 2768 et
576 2711 719 2774 nonnullis
733 2725 788 2772 vet·
804 2713 986 2780 editionibus,
1012 2725 1042 2768 ut
1070 2731 1143 2770 neve
1164 2712 1266 2779 aspera

153 2800 340 2856 concurrunt,
357 2807 440 2857 neue,
454 2801 524 2855 etc;
544 2789 627 2848 aliter
644 2791 750 2850 Cicero
769 2794 866 2870 paullo
879 2804 955 2862 aute,
968 2809 1040 2849 neve
1066 2799 1155 2858 asper
1167 2807 1267 2847 aarum

153 2888 318 2938 concursus,
331 2886 406 2925 neue
416 2874 529 2926 hiulcus
539 2873 584 2926 ait.

192 2957 209 3006 2
225 2952 321 3006 modus
336 2951 421 3005 etium
436 2963 464 3006 et
465 2947 592 3040 sonna]
614 2951 649 3009 ln
663 2953 718 3010 hoc
732 2962 762 3011 et
775 2963 890 3028 septem
902 2969 983 3030 sequ.
998 2948 1139 3027 capitibus
1155 2949 1265 3010 Cicero

150 3031 189 3090 de
202 3029 337 3090 numeris
358 3027 389 3084 in
402 3043 532 3087 oratione
546 3030 678 3089 dicturus
692 3044 757 3090 est:
779 3035 830 3092 sed
843 3034 879 3091 de
898 3031 934 3090 iis
948 3044 1051 3108 postea
1065 3029 1096 3088 in
1110 3029 1234 3088 Oratore
1248 3031 1267 3090 a

153 3127 216 3186 cap.
227 3117 264 3166 49
285 3109 426 3186 usquead
440 3107 530 3168 linem
543 3108 618 3169 dixit
627 3109 761 3188 pluribus
771 3111 877 3186 uerbis,
887 3122 917 3172 et
925 3111 1045 3182 acriore,
1059 3123 1093 3168 ut
1100 3107 1157 3187 ipsi
1168 3107 1267 3169 visum

150 3187 341 3267 'est,judicio.
1155 3249 1160 3260 ,

197 3269 497 3348 circumretitum]
514 3289 554 3328 sc.
565 3273 721 3342 clausulas,
730 3291 797 3352 quae
806 3291 862 3331 vox
876 3269 950 3330 iniri
959 3269 1087 3332 occurrit
1096 3281 1126 3330 et
1135 3267 1185 3328 hic
1199 3270 1269 3329 sub·

153 3347 344 3426 intelligenda
353 3361 414 3408 est:
437 3351 561 3429 Interim
575 3349 626 3408 vix
640 3352 749 3424 dubito,
770 3351 840 3432 quin
859 3351 888 3410 in
902 3350 1090 3430 sequentibus
1104 3350 1210 3426 aliquid
1223 3349 1269 3410 in·
1324 3415 1327 3428 „

153 3429 193 3488 sit
206 3427 286 3488 vitii:
307 3428 376 3506 quid
386 3429 466 3488 enim
477 3429 568 3490 voluit
581 3429 693 3490 Cicero
703 3449 755 3508 pro
769 3452 855 3492 voces
867 3434 1079 3506 destitigutionis
1095 3441 1197 3486 nostru
1213 3427 1230 3484 ?
1249 3429 1268 3487 ὶ

142 3510 213 3588 'quo
236 3511 373 3584 pendent,
387 3522 417 3568 et
439 3507 486 3586 (ut
507 3509 704 3570 Grammatici
718 3513 831 3592 dicunt)
845 3509 1008 3591 reguntur?
1028 3529 1064 3569 an
1085 3507 1219 3566 unctis?
1239 3519 1269 3570 at

79 3589 88 3596 ’
152 3601 448 3668 quaenamsuntnotae
460 3591 704 3664 desrrrigationis?
726 3611 845 3667 prorsus
858 3593 978 3662 nesci03
1000 3589 1113 3666 Opinoi
1126 3587 1268 3688 equidem

151 3670 314 3746 legendum
327 3688 405 3736 esse,
426 3669 672 3742 interspirationis
687 3677 770 3740 enim,
783 3691 837 3728 non
852 3669 1052 3747 defatigatione
1066 3683 1268 3742 nostramque

151 3747 337 3806 ‘librariorum
351 3752 440 3816 notis,
454 3755 507 3808 sed
523 3754 675 3808 uerborum
698 3763 724 3807 et
738 3754 945 3810 sententiarum
965 3753 1052 3820 modo,
1071 3756 1268 3822 interpunctas

156 3831 304 3896 sternutus,
316 3843 373 3887 etc.
414 3827 610 3908 Similemque
624 3849 746 3907 prorsus
756 3829 824 3889 huic
840 3831 1092 3892 habemuslocum
1105 3831 1135 3892 in
1149 3833 1264 3888 Orator.

157 3925 185 3964 c.
201 3912 248 3962 68.
289 3909 457 3966 O'rutt'onort
470 3921 518 3969 uui
538 3909 641 3986 spiritu
664 3908 881 3985 pronuntiantia,
906 3925 957 3969 aut
967 3917 1132 3971 interductu
1148 3909 1267 3978 citrarii,

157 3988 212 4044 sed
222 4004 338 4044 numero
352 4001 446 4047 coactu
461 3994 542 4048 debet
555 3994 690 4048 insistere
701 4013 712 4050 .·
734 3991 783 4050 ubi
796 3993 925 4050 insistere
934 3998 1040 4064 altit-itu
1048 3987 1266 4061 pronuntiantis

155 4067 237 4126 idem
248 4076 294 4124 est
303 4085 336 4124 ac
349 4070 551 4144 defatigatione
566 4085 663 4128 nostru
679 4069 718 4149 (1.
731 4090 755 4130 e.
769 4069 860 4128 nostri
884 4072 1014 4149 spiritus)
1028 4066 1192 4135 interttungi
1205 4084 1216 4123 .·
1237 4076 1268 4126 et

153 4148 335 4204 interducias
348 4151 461 4208 librarii
474 4169 531 4208 non
540 4149 596 4207 alia
608 4169 655 4207 res
670 4161 723 4219 est,
738 4149 828 4227 quim
838 4163 907 4209 notae
921 4155 1109 4210 librariorum.

151 4237 154 4244 ·
196 4233 214 4282 4
227 4229 314 4298 idque
322 4233 459 4304 princeps
473 4225 642 4308 [socraten]
663 4229 762 4289 Aliter
772 4227 1021 4292 Cicerostatuitin
1033 4228 1160 4285 Oratore
1174 4243 1200 4285 c.
1219 4233 1267 4286 52.

157 4303 227 4364 citur
241 4305 361 4381 diceret,
380 4311 555 4366 nominemin
569 4325 712 4382 eogenere
722 4312 853 4370 scientius
867 4324 1012 4370 uersatum
1026 4309 1162 4376 Isocrate,
1184 4308 1268 4379 cottfi·

159 4389 275 4444 tendum
290 4401 353 4448 est:
372 4393 423 4448 sed
427 4394 559 4459 [trisceles
571 4392 738 4448 inveniendi
739 4396 804 4464 snit
822 4393 1053 4460 Thrasymachus,
1077 4387 1160 4461 cujus
1174 4391 1268 4448 omnia

158 4466 239 4521 nintis
264 4474 350 4528 etium
374 4483 478 4526 extant
499 4474 606 4540 scripta
629 4469 786 4539 numerosi,
810 4484 865 4530 stc.
893 4467 941 4527 cui
963 4467 1079 4538 addidit,
1093 4481 1127 4525 ut
1140 4489 1186 4526 eos
1211 4467 1264 4544 (sc.

160 4541 417 4622 Thrasymachum
429 4562 460 4611 et
471 4545 629 4628 Gorgiam)
647 4555 692 4612 ilie
703 4554 900 4621 maceratione,
913 4565 969 4606 non
979 4548 1139 4608 inventione
1151 4549 1266 4606 vicerit.
