2854 5016
500 381 630 444 ultus
639 383 753 477 ,La-19„
1132 385 1168 441 2-1

104 527 392 610 canes-„habere
421 536 528 624 atque
545 553 623 601 esse
646 531 859 626 sapientem
886 529 967 621 ¹Sed
993 529 1073 605 hrec
1093 539 1169 622 erat

55 689 60 702 .
105 625 251 724 spinosa
273 627 442 725 quaedam
466 635 512 700 ct·
531 625 631 698 exilis
655 623 971 746 oratio„lougique
996 634 1017 702 d
1039 631 1169 704 nostris

107 725 273 800 sensibus.
287 723 501 798 abhorrebat.
551 721 783 800 acharmadas
805 726 886 797 vero
898 727 1006 803 multo
1030 729 1170 802 uberiirs

39 905 44 914 Ι
105 817 232 895 iisdem
255 823 297 896 de
312 821 417 916 rebus
439 820 667 918 loquebatur3
692 847 766 898 non
782 847 854 920 quo
869 825 1013 920 aperiret
1029 835 1169 904 senten·

105 918 194 1008 tiam
211 943 305 1014 saram
319 919 396 1011 [hic
411 919 511 1016 euim
534 919 609 993 mos
628 931 706 1000 ¹erat
731 921 862 1018 patrius
879 923 1091 1006 Academiae,
1113 925 1170 998 ad·

104 1019 232 1090 cerani
255 1019 570 1116 semperomnibus
586 1018 625 1090 in
641 1019 866 1117 disputando)
875 1048 886 1106 ;
906 1020 972 1097 sed
990 1029 1066 1104 turn
1080 1045 1170 1096 max-

100 1113 174 1191 ime
191 1126 310 1191 taureu
325 1119 402 1190 ,hoc
419 1115 640 1212 significahat,
667 1143 738 1198 eos,
768 1119 828 1214 qui
845 1119 1000 1192 rhetores
1009 1121 1170 1194 ,nonum-

92 1223 243 1294 rentur,
259 1223 296 1286 et
314 1214 373 1311 qui
394 1213 534 1291 dicendi
551 1217 928 1314 praeceptatraderent,
945 1217 1033 1295 nihil
1061 1217 1166 1316 plaut

93 1317 249 1404 “tenere3
285 1338 401 1410 neque
428 1337 540 1410 posse,
558 1337 769 1412 quemquam
797 1315 998 1395 facultatem
1029 1315 1167 1414 assequi

101 1408 258 1493 dicendi,
275 1411 340 1484 nisi
359 1413 418 1510 qui
436 1412 720 1512 philosophorum
733 1415 877 1490 inventa
889 1414 1078 1495 didicisset.

151 1507 258 1597 XIX..
276 1511 512 1610 Disputabant
536 1523 658 1610 contra
681 1512 799 1588 diserti
812 1512 996 1594 heminae,
1016 1511 1172 1590 ,Atheni-

6 1693 7 1696 Ἴ
98 1629 217 1690 enses,
246 1609 335 1684 etin
358 1609 909 1710 Republica.caussisqueversati,
930 1607 1070 1706 inquis
1097 1617 1169 1682 erat

97 1704 207 1784 etiarn
222 1706 262 1787 is,
289 1709 352 1802 qui
372 1733 484 1806 nuper
510 1704 644 1784 Roma
659 1709 739 1792 fuit,
768 1708 1015 1789 Menedemus,
1044 1708 1169 1806 hospes

5 1847 7 1872 ,
94 1827 222 1889 anens;
250 1807 312 1900 qui
335 1806 421 1880 clun
443 1807 575 1882 diceret
604 1801 709 1882 ⁵esse,
724 1805 924 1900 'quandam
939 1805 1169 1898 prudentiam,

98 1923 189 1994 quae
205 1911 401 1978 versaretur
418 1902 458 1970 in
483 1899 730 1998 perspiciendis
745 1900 937 1988 rationibus
952 1893 1171 1972 constituen-

5 2005 7 2076 ζ
102 1997 228 2068 darum
245 2007 290 2067 et
299 1996 528 2089 regendarum
551 1991 905 2090 rerumpublicarum,
927 1992 1167 2072 ⁶cxcitahatur

95 2093 207 2166 horno
225 2099 383 2188 prorutus
407 2093 451 2166 ab
467 2090 1009 2191 hominaabundantissdoctrina,
1038 2105 1166 2194 etqua·

5 2285 6 2288 Ἴ
97 2188 382 2264 damincredihili
394 2187 678 2265 varietatererum
687 2199 724 2261 et
734 2189 832 2288 copia
839 2215 980 2276 30mnes
992 2193 1086 2270 enirn
1097 2219 1166 2290 par-

5 2301 7 2364 ἰ
96 2301 154 2364 tes
169 2288 264 2370 illius
281 2288 389 2384 ipsius
404 2287 600 2386 prudentiae
618 2287 784 2385 petendas
805 2289 920 2388 essee
948 2289 1164 2386 philosophia

5 2407 7 2430 ³
95 2389 255 2469 docebat,
269 2411 454 2484 nequeea,
472 2411 554 2482 quae
571 2395 781 2458 statueretur
792 2385 832 2462 in
848 2386 1089 2483 Republicade
1100 2388 1166 2461 diis

5 2515 6 2542 r
94 2484 359 2568 immortalibus,
385 2486 429 2560 de
447 2485 626 2585 disciplina
643 2484 849 2580 juventutis,
879 2484 923 2558 ‹le
947 2485 1092 2582 justitia,
1122 2487 1171 2560 de

5 2639 6 2642 ,
97 2585 281 2685 patientia,
298 2585 342 2658 de
354 2585 590 2682 temperantia,
607 2585 650 2656 de
664 2583 770 2658 modo
783 2607 900 2658 rerum
911 2584 1080 2668 omniurn,
1094 2609 1162 2658 cae·

94 2694 257 2780 temque,
273 2683 349 2756 sine
365 2684 490 2780 quihus
501 2684 658 2758 civitates
673 2684 737 2754 adt
752 2705 828 2754 esse
839 2691 899 2754 aut
914 2684 1003 2764 hene
1020 2693 1164 2756 moratae

96 2805 279 2858 essenon
306 2788 464 2878 possent,
485 2803 632 2878 usquam
656 2781 694 2852 in
713 2803 835 2852 eorrun
856 2777 1002 2853 inveniri
1028 2780 1165 2856 libellis.

96 2879 254 2966 Quodsi
271 2890 402 2954 tantam
418 2880 491 2954 vim
502 2905 620 2954 rerum
646 2877 873 2952 maximarum
885 2896 958 2950 arte
975 2901 1038 2950 sua
1053 2878 1166 2968 rheto-

99 2982 165 3070 rici
194 2980 247 3072 illi
267 2979 426 3071 doctores
441 2980 758 3077 complecterentur
769 3006 779 3064 ;
806 2977 995 3074 quaerebat,
1027 3001 1087 3050 cur
1104 3049 1105 3054 ,
1120 2976 1171 3048 de

96 3079 254 3178 proenriis
271 3087 307 3150 et
328 3079 472 3176 epilogis
489 3078 587 3170 etde
607 3073 776 3174 ejusmodi
793 3076 897 3172 nugis
927 3074 993 3164 (sic
1006 3074 1099 3179 enirn
1110 3097 1166 3170 ap·

96 3178 268 3275 pellebat)
291 3177 409 3250 referti
424 3186 544 3250 essent
561 3201 682 3250 eorum
698 3173 801 3258 libri3
826 3173 869 3244 de
898 3169 1091 3240 civitatibus
1116 3170 1166 3244 iu·

96 3274 303 3364 stitueudie,
309 3275 352 3347 de
365 3275 553 3350 scribendis
563 3273 710 3368 legibus,
723 3271 766 3338 de
777 3265 956 3362 aequitate,
969 3265 1012 3338 de
1020 3268 1164 3362 justitia,

95 3436 199 3514 phani,
213 3448 243 3495 et
254 3433 400 3504 Lambini,
413 3435 513 3490 delent
527 3432 674 3508 vulgatam
683 3447 787 3489 vocem
797 3433 874 3500 mace
884 3446 951 3507 qnae
965 3441 995 3490 ct
1008 3433 1162 3492 commode

96 3522 202 3579 abesse
212 3527 320 3592 potest,
331 3524 361 3571 et
375 3511 548 3572 sententiam
560 3529 693 3586 praesens
701 3513 859 3570 coritarhat.
871 3518 875 3524 '

5 3659 6 3670 χ
140 3607 159 3654 4
178 3595 360 3656 Chamnadas
372 3591 444 3651 vert
455 3595 542 3649 multo
556 3593 677 3662 uderida,
691 3589 764 3672 etc]
785 3591 871 3666 Lego
888 3591 1065 3647 Caci-madar
1076 3607 1163 3668 prop·

5 3673 6 3694 ¹
98 3689 146 3736 ter
159 3675 277 3734 rationis
288 3675 328 3743 ad
342 3691 367 3730 c.
388 3679 431 3730 ll.
445 3671 594 3732 adductas.
635 3672 716 3742 MSti
731 3671 822 3730 etiarn
839 3673 921 3730 ioan.
932 3682 963 3728 ct
976 3669 1057 3726 Harl.
1074 3677 1097 3748 l.
1113 3673 1163 3730 ha·
1222 3695 1226 3718 ·

98 3760 169 3816 bent
187 3756 371 3824 Charmadas,
385 3765 415 3811 et
430 3752 538 3810 Mstus
552 3751 623 3810 Bod.
641 3753 808 3810 Corniadaa.

143 3846 158 3892 5
175 3853 236 3892 esse
249 3835 390 3906 quandum
403 3827 616 3909 prudentiam]
628 3830 646 3888 i.
662 3849 688 3888 c.
702 3826 909 3906 Eloquentiam
921 3845 974 3886 seu
994 3825 1163 3891 arelatem

100 3912 220 3978 dicendi
232 3933 296 3972 esse
310 3914 454 3988 quandam
464 3910 659 3988 prudentiam,
676 3922 729 3970 ete.

142 4002 159 4052 6
174 3996 358 4052 excitabatur
367 3998 456 4052 homo.
460 3987 615 4072 promtus]
630 3991 838 4070 Hotomannus
856 3986 984 4066 conjecit
1001 3990 1164 4065 legendum

100 4072 168 4136 csse
181 4074 384 4143 excipiebatur
395 4095 407 4137 ,·
428 4073 481 4130 sed
504 4074 620 4148 vulgata
633 4067 720 4135 lectio
733 4068 848 4128 defendi
861 4079 956 4142 potest
969 4090 977 4135 ;
998 4085 1101 4125 sensus
1115 4071 1161 4120 est

100 4155 192 4225 enirn,
206 4157 310 4214 Homo
323 4153 470 4210 abundans
477 4149 608 4210 doctrina
622 4149 743 4224 (nempe
759 4149 938 4208 Charmadas
950 4140 1162 4216 Philosophus)

101 4236 140 4294 ita
158 4233 353 4310 respondebat
366 4230 411 4299 iis,
424 4249 490 4306 quae
503 4229 618 4288 dixerat
632 4231 831 4291 Menedemus
844 4227 947 4305 (homo
959 4231 1162 4311 promtusrut·

103 4315 311 4388 potedisertus
321 4309 450 4392 Orator).
462 4324 494 4368 ut
507 4309 886 4374 Menedemumncxcitaret,
895 4303 967 4364 etad
975 4317 1058 4376 suam
1067 4316 1162 4374 opim-

103 4411 190 4454 onem
205 4391 415 4461 defendendam
424 4402 549 4452 acueret.
