2830 5014
222 347 276 404 190
627 339 686 400 DE
703 336 913 406 ORATORE

214 499 293 568 tum
308 497 361 564 sat
372 485 529 569 brevitas,
553 485 636 562 edm
647 495 784 564 tantum
795 489 979 564 verborum
994 495 1061 568 est,
1084 493 1253 585 quanam
1261 508 1326 562 ue-

214 611 314 666 cesse
342 595 410 667 est,
441 584 632 682 aliquando
658 586 695 662 id
720 611 808 683 opus
835 595 910 660 est:
937 586 999 660 red
1026 608 1121 685 ssepe
1148 587 1248 660 obest
1270 585 1327 658 vet

213 685 361 760 maxims
375 684 413 756 in
425 685 623 770 usmand03
644 709 719 760 non
730 684 844 764 sotum
853 682 953 780 qubd
967 683 1206 762 obscuritatem
1217 683 1327 764 affert,

212 783 278 856 sed
290 782 391 860 etism
407 779 505 880 qubd
515 807 591 857 cam
606 781 777 860 drtutem,
791 803 873 876 quae
885 780 1090 854 narrationis
1103 792 1159 855 est
1169 781 1329 864 maxima,
1386 787 1387 792 ’

212 891 256 1034 pt
264 881 432 978 jucunde,
457 889 495 954 et
509 881 553 954 cd
569 878 848 978 persuadendum
862 877 1117 954 accommodata
1131 879 1191 962 sit,
1216 879 1326 956 totlit:

246 989 298 1060 ut,
314 980 384 1062 illa,
1070 1050 1072 1055 .

291 1087 369 1144 Νωιι
378 1088 563 1156 &praequam
573 1088 700 1144 excessit
713 1102 752 1142 ex
766 1088 890 1155 ephebis,
907 1093 966 1145 etc

210 1173 321 1268 quun
331 1171 434 1268 longa
444 1181 500 1244 est
510 1172 687 1245 narratio?
711 1197 826 1248 mores
837 1169 1068 1246 adolescentis
1077 1168 1195 1269 ipsius,
1208 1179 1246 1246 et
1259 1193 1335 1246 ser·-

212 1269 288 1342 vilis
303 1267 554 1367 percunctatio,
581 1293 675 1342 mors
690 1270 886 1365 Chrysidis,
911 1269 1030 1344 vultus
1043 1278 1084 1344 ¹et
1108 1271 1218 1345 forms
1233 1281 1269 1344 et
1284 1271 1335 1343 la·

210 1367 383 1442 mentatio
409 1365 546 1447 sororis,
569 1366 705 1464 reliqna
721 1366 872 1466 pervarie
890 1365 1121 1462 jucundeque
1137 1377 1333 1444 narrantum.

213 1465 365 1552 Quodsi
378 1464 888 1566 bnucbrevitatemquaesisset.
978 1545 980 1550 ,

294 1593 443 1666 Effossum,
460 1595 545 1660 imus,
563 1595 603 1648 ad
615 1595 797 1661 resarsurum
810 1594 956 1663 venimus,

293 1675 332 1730 In
339 1675 435 1748 ignem
438 1673 537 1743 tracta
551 1683 675 1728 est..-

213 1779 288 1852 fsre
303 1777 425 1854 decem
447 1777 625 1853 versiculis
654 1786 771 1852 totum
800 1779 979 1852 conficere
1002 1767 1189 1876 potuisset:
1215 1798 1337 1872 qnam·

212 1901 324 1974 quam
336 1878 404 1954 hoc
420 1879 546 1976 ipsum,
570 1875 742 1971 Effertur,
754 1879 850 1958 imru,
867 1874 1240 1956 concitamentum
1257 1896 1335 1950 non

214 1975 372 2047 brevitati
387 1977 551 2047 servitum
567 1975 624 2054 sit,
641 1975 703 2044 sed
719 1976 827 2069 magis
844 1973 1028 2046 venustati.
1077 1969 1193 2054 Quod
1209 1970 1237 2044 si
1249 1971 1335 2044 nihil

211 2069 345 2152 fuisset,
355 2070 441 2150 nisi,
465 2071 509 2142 In
525 2073 642 2160 ignem
656 2071 768 2164 posita
782 2080 844 2150 ert,
862 2083 979 2144 tamen
995 2093 1048 2142 res
1065 2080 1140 2144 tota
1164 2069 1331 2168 cognosci

210 2166 311 2242 facile
325 2168 505 2268 potuisset.
537 2166 608 2240 Sed
619 2176 655 2240 ct
664 2165 892 2240 festivitatem
904 2167 1006 2245 habet
1018 2168 1170 2242 narratio
1185 2165 1330 2241 distinc-

214 2277 251 2342 u
267 2267 424 2365 personis
436 2276 472 2341 et
487 2267 711 2364 interpuncta
723 2267 942 2340 sermonibus
958 2293 965 2340 :
991 2274 1029 2338 et
1044 2277 1098 2340 est
1113 2265 1331 2366 probabilius,

212 2365 307 2460 quod
326 2375 476 2463 gestum,
489 2389 567 2437 esse
582 2364 686 2446 dieas,
708 2363 803 2446 cum,
832 2365 1124 2459 quemadmodum
1145 2374 1264 2439 actum
1278 2364 1331 2446 sit,

211 2485 377 2555 exponas.
426 2465 475 2534 Et
495 2461 609 2532 multo
624 2461 777 2555 apertius
792 2461 836 2532 ad
852 2461 1118 2559 intelligendum
1143 2473 1210 2546 est,
1238 2462 1268 2536 si
1285 2461 1333 2535 sic

116 2553 134 2564 “
211 2556 414 2630 consistitur
439 2555 638 2653 aliquando,
665 2581 705 2630 nc
733 2581 808 2630 non
836 2557 901 2630 ists
916 2559 1079 2632 brevitate
1095 2561 1330 2658 percurritur:

211 2661 365 2752 apertam
376 2655 471 2734 enim
488 2654 720 2728 narrationem
735 2663 807 2728 tam
819 2679 897 2728 esse
913 2667 1062 2768 oportet,
1078 2661 1212 2756 ⁸qutm
1228 2670 1331 2750 coete·

211 2775 267 2825 ras
281 2753 446 2828 orationis
472 2765 611 2850 partes;
636 2751 698 2824 sed
725 2753 794 2825 hoc
818 2754 926 2852 magis
942 2779 979 2829 m
997 2757 1061 2832 hae
1084 2759 1332 2833 elaborandum

213 2850 397 2949 estquod
413 2861 450 2925 et
466 2850 638 2948 difficilius
650 2857 702 2922 est
715 2872 789 2924 non
800 2874 876 2925 esse
890 2853 1075 2926 obscurum
1089 2856 1127 2926 in
1142 2879 1180 2927 re
1192 2879 1332 2928 narran-

213 2949 270 3029 dc,
287 2951 395 3046 qutm
410 2959 472 3024 aut
497 2950 535 3023 in
551 2948 730 3046 principio,
757 2959 822 3022 aut
844 2949 881 3022 in
896 2958 1108 3048 argumento,
1129 2952 1237 3024 autin
1252 2977 1333 3049 pur·

214 3047 341 3144 gando,
358 3057 421 3122 aut
450 3050 488 3122 in
506 3047 722 3148 perorando:
747 3055 784 3118 et
812 3049 939 3146 majore
967 3048 1121 3146 periculo
1148 3047 1227 3121 haec
1256 3071 1334 3146 pars

214 3147 384 3220 orationis
403 3149 551 3222 obscura
562 3155 629 3228 est,
646 3145 753 3242 quam
766 3155 931 3220 eaeterae:
962 3146 1121 3241 calquis,
1139 3147 1167 3220 si
1184 3145 1332 3244 questio

213 3242 256 3315 in
268 3245 348 3317 loco
358 3255 411 3318 est
426 3245 558 3320 dictum
573 3244 659 3342 qnid
668 3246 859 3327 obscurius,
871 3245 1012 3320 tantum
1024 3245 1060 3318 id
1072 3245 1172 3344 perit,
1181 3245 1277 3343 quod
1289 3246 1331 3318 ita

214 3339 348 3416 dictum
360 3352 434 3432 θεῖς
472 3345 618 3417 narratio
634 3343 780 3418 obscura
804 3353 914 3418 totam
942 3346 1098 3418 obcaecat
1120 3345 1328 3418 orationem:

214 3439 451 3538 velqnbdalia
462 3441 585 3540 possis,
606 3441 711 3512 semel
724 3442 753 3514 si
774 3443 956 3517 obscurius
980 3443 1117 3524 dixeris,
1133 3443 1250 3518 dicere
1264 3442 1328 3516 slio

213 3535 291 3612 ioco
307 3539 462 3637 planids3
487 3536 690 3611 narrationis
702 3561 796 3610 unus
812 3549 865 3614 est
879 3541 1040 3616 incaussa
1052 3541 1169 3614 locus:
1194 3541 1263 3615 erit
1275 3563 1327 3612 au·

147 3669 149 3674 v
213 3641 284 3708 tem
306 3635 653 3735 perspicuamrratic,
670 3635 825 3710 si·verbis
841 3639 986 3721 usitatis,
1003 3639 1031 3711 si
1053 3639 1174 3712 ordine
1200 3648 1326 3737 tempo·

213 3755 292 3804 rum
309 3747 522 3820 conservato,
541 3734 572 3809 si
588 3759 662 3810 non
677 3735 811 3810 interro
835 3737 871 3810 te
889 3737 1089 3810 narrabitur.
1240 3793 1244 3800 .
1318 3747 1321 3754 ’

157 3839 161 3850 ’
262 3831 425 3913 LXXXI.
451 3835 520 3906 Sed
542 3831 690 3931 quando·
709 3759 883 3910 utendum
899 3835 944 3909 sit
958 3844 1017 3908 aut
1042 3859 1117 3911 non
1147 3834 1193 3910 sit
1213 3857 1325 3912 narra
1380 3901 1382 3914 ,

251 3965 272 4027 ,7
283 3973 325 4033 ut,
338 3958 413 4042 illm]
434 3963 580 4034 Quamvis
600 3959 676 4024 mire
690 3960 740 4021 hic
753 3961 802 4022 alii
816 3965 853 4023 ab
865 3961 930 4022 aliis
953 3961 1230 4038 discrepentMSti,
1244 3966 1325 4022 habs·

209 4053 321 4120 §utque
334 4041 398 4102 uice
412 4055 455 4112 ut,
467 4045 513 4102 vet
524 4047 654 4115 videant,
670 4045 717 4102 vet
730 4047 838 4112 vident,
848 4045 896 4102 uel
905 4046 1048 4114 videlicet,
1061 4055 1117 4102 etc.
1128 4056 1227 4104 tomen
1241 4057 1323 4102 emen

213 4123 328 4184 datione
347 4141 405 4184 nou
425 4140 501 4200 opus
514 4123 580 4194 erit,
593 4123 621 4182 si
634 4122 723 4184 voces
735 4136 777 4192 ct,
795 4125 842 4182 uu
866 4122 1026 4200 conjungas
1045 4141 1117 4186 com
1139 4123 1323 4200 sequentibus

213 4203 298 4272 quum
324 4210 411 4278 longa
437 4215 480 4260 est
502 4207 631 4260 namatio
649 4205 666 4260 t
686 4201 770 4282 quasi
783 4201 890 4262 Cicero
903 4202 1047 4273 dixissen
1075 4206 1212 4273 Exempli
1222 4205 1323 4276 grctr'a,

210 4279 298 4351 ,quum
310 4288 397 4358 longa
410 4296 454 4342 est
467 4284 514 4341 illa
524 4285 682 4340 narratio?
835 4318 837 4322 ·
1261 4312 1265 4320 ,

254 4368 271 4414 8
286 4361 403 4440 Vulgo,
425 4361 510 4436 quem
531 4375 647 4423 estem
657 4385 670 4430 ,·
692 4367 752 4434 sed,
766 4365 842 4442 stc]
874 4362 958 4436 Nihil
972 4365 1059 4424 habet
1073 4381 1129 4422 vox
1144 4374 1266 4433 carnus,
1292 4357 1323 4417 ad
1367 4390 1372 4399 ·

210 4441 293 4512 quod
311 4442 473 4504 referatur:
493 4443 653 4507 Lambinus
667 4442 759 4520 igitur
778 4445 820 4503 sic
831 4443 1005 4504 sententiam
1019 4442 1156 4520 explerit,
1172 4441 1257 4515 quam
1277 4458 1322 4498 cs·

214 4527 293 4576 teras
307 4525 577 4602 orationessunt-s,
596 4528 658 4598 red,
672 4537 739 4586 etet
757 4541 814 4586 uec
827 4523 912 4588 aliter
919 4523 1060 4588 editiones
1069 4523 1146 4585 Vsu·
1157 4535 1191 4607 et
1204 4519 1322 4586 Mediol-
