2808 5020
533 381 659 442 LIBER
679 381 720 440 n.
741 385 786 438 5&
1166 386 1215 440 151

93 537 273 622 bilitatern
285 528 573 626 eommuniajuria
583 529 787 627 praestantia
798 525 979 623 dignitatis
990 525 1220 604 autfertum

93 659 178 710 ³11ae
195 638 400 705 transeunt:
425 649 508 722 quae
526 625 553 700 si
567 627 809 700 inflammanda
826 634 917 707 sunt,
941 625 1089 696 maxime
1104 625 1222 700 dicen·

93 736 202 817 dumj
290 752 362 800 non
374 749 453 797 esee
466 726 596 798 virtute
607 735 705 821 parta
718 751 728 808 ;
753 725 881 796 deinde
895 724 996 814 etiam
1007 723 1105 796 'vitiis
1114 733 1221 820 atque

97 842 184 932 pem
378 824 416 897 si
439 833 544 894 erunt
567 823 763 896 honestiora
791 836 898 918 atque
931 821 1080 916 graviora
1104 834 1223 896 tamen

99 935 132 997 3,
333 932 421 996 anta
447 921 517 994 ullo
545 921 679 1002 merita,
706 929 838 1016 quanta
858 920 1045 1006 insolentia
1060 921 1222 1002 hominia,
1326 1004 1330 1014 f

96 1055 110 1090 ι
307 1019 548 1100 nefastidium.
598 1019 657 1091 Ad
673 1019 866 1092 sedandum
878 1028 1009 1100 autem,
1021 1041 1149 1116 magno
1165 1019 1224 1092 illa
1304 1035 1306 1040 '

283 1121 379 1216 agnis
398 1117 555 1216 periculis
566 1141 644 1206 esse
661 1127 771 1213 parta,
789 1141 856 1188 nec
872 1116 917 1186 ad
941 1141 1046 1188 auum
1071 1141 1221 1189 commo·

255 1217 483 1294 ladaliorum
494 1215 722 1289 essecollata:
749 1238 910 1309 seseque,
922 1215 949 1284 si
963 1239 1067 1310 quam
1079 1215 1224 1311 gloriam

1 1375 2 1379 ,
224 1340 283 1391 sse
307 1315 471 1394 videatur,
490 1312 634 1388 tametsi
648 1337 694 1391 ea
707 1337 779 1383 non
798 1311 844 1382 ait
860 1311 979 1408 iniqua
990 1337 1124 1386 merces
1141 1312 1225 1410 peri·

93 1410 318 1498 momen
330 1414 374 1487 ed
391 1437 466 1486 non
478 1411 656 1491 delectari,
675 1419 859 1504 totamque
875 1409 1019 1505 abjicere
1035 1420 1142 1506 etque
1167 1413 1226 1486 de

96 1537 235 1614 ponere
247 1542 258 1601 3
282 1534 458 1607 omneque
486 1508 739 1608 perficiendum
769 1515 824 1578 est
858 1508 1039 1603 (quoniam
1071 1507 1225 1606 plerique

95 1621 188 1688 sunt
200 1611 320 1692 invidi,
335 1609 560 1705 maximeque
571 1618 627 1679 est
637 1605 704 1680 boc
720 1627 908 1678 cmnmune
919 1605 1042 1680 vitium
1054 1619 1092 1680 et
1108 1631 1226 1705 perpe·

96 1729 231 1797 tuum3
254 1709 430 1783 invidetur
442 1719 564 1780 autem
577 1703 979 1804 praestantillorentique
990 1705 1173 1797 fortunae)
1186 1716 1228 1780 ut

97 1811 185 1883 hoec
196 1806 551 1904 opiniominualnnat
561 1805 621 1876 illa
630 1803 807 1876 excellens
820 1803 983 1899 opinione
993 1804 1137 1885 fortuna
1146 1827 1228 1882 cum

100 1905 284 1978 laboribus
295 1912 330 1974 et
355 1901 501 1975 miseriis
518 1901 679 2000 permista
694 1921 765 1974 asae
782 1901 956 1976 videatne
1001 1904 1077 1974 Jarn
1098 1901 1227 1976 miseri-

102 2001 224 2078 cordin
235 2007 405 2082 mouetur,
415 1999 445 2072 si
462 2000 502 2080 is,
520 2000 580 2095 qui
595 1997 711 2078 audit,
726 1999 853 2074 adduci
870 2009 992 2096 potest,
1008 2013 1051 2075 nt
1063 2001 1227 2098 illa‚quae

98 2103 149 2174 de
163 2101 275 2174 altero
288 2099 527 2196 deplorentur,
545 2098 593 2170 ad
606 2121 754 2170 suaares
766 2111 919 2181 revocet,
930 2123 1016 2195 quas
1034 2110 1096 2172 aut
1106 2099 1228 2172 tulerit

101 2198 451 2277 acerbseauttimaat
462 2225 473 2282 3
498 2205 559 2268 aut
573 2195 717 2268 intuens
732 2196 840 2268 aliurn
858 2196 980 2270 crebrb
1009 2198 1053 2268 ad
1075 2198 1229 2294 seipsum

102 2305 308 2369 revertatur.
356 2297 438 2366 4Ita
455 2293 542 2368 cum
572 2293 698 2390 singuli
720 2317 822 2366 casus
839 2295 1066 2366 humanarum
1081 2295 1229 2367 miseria·

25 2441 30 2450 ·
102 2419 181 2468 rrun
197 2394 346 2491 graviter
357 2391 591 2488 accipiuntur,
607 2393 636 2464 si
649 2391 820 2466 dicuntur
840 2393 1008 2476 dolenter,
1025 2402 1102 2467 turn
1115 2393 1230 2468 afficta

101 2504 141 2566 et
149 2501 328 2590 prostrata
342 2491 452 2564 uirtus
467 2491 618 2564 araxim&
637 2491 798 2564 luctuosa
810 2505 886 2564 est:
912 2501 960 2576 et,
988 2502 1030 2566 ut
1047 2492 1105 2566 illa
1119 2491 1231 2567 altera

99 2590 387 2688 parentationis,
414 2611 499 2684 quae
529 2587 711 2685 probitatis
738 2591 1045 2664 commendatione
1060 2592 1230 2682 boni,viri

101 2689 214 2762 debet
225 2685 382 2784 ¹speciem
397 2685 499 2765 tueri,
513 2685 618 2766 lenia
636 2687 691 2777 (ut
704 2710 800 2785 saepe
809 2686 990 2783 jamdixi).
1015 2698 1122 2783 atque
1138 2713 1230 2764 sum·

102 2784 233 2872 missa3
252 2785 309 2858 sie
319 2782 504 2879 haecquae
518 2782 700 2880 suscipitur
710 2787 752 2857 ab
761 2797 894 2870 oratore
908 2785 951 2856 ad
964 2786 1230 2872 commutandos

101 2884 357 2978 animosatque
368 2880 461 2954 omni
474 2881 607 2954 ratione
617 2883 824 2966 flectendos,
834 2885 976 2956 intenta
985 2907 1025 2956 ae
1038 2881 1228 2958 vehemens
1264 2961 1277 2974 ,

102 3005 186 3054 esse
201 2982 319 3054 debet.
906 3020 908 3024 ·
1258 2991 1271 3015 ‘²²

153 3080 250 3160 LIII.
275 3078 348 3152 Sed
365 3083 420 3150 est
436 3077 603 3176 quaedum
614 3079 717 3154 inhia
729 3082 866 3158 duobus
877 3080 1063 3248 {erroribus
1080 3101 1230 3173 quorum

104 3177 259 3258 alterum
273 3177 367 3260 lene,
383 3176 533 3250 alterum
550 3180 740 3264 vehemens
757 3205 833 3254 esse
846 3205 888 3249 vo
902 3201 1013 3259 umus,
1027 3175 1171 3250 difficilis
1183 3178 1231 3250 ad

104 3273 614 3370 distinguendumsimilitudo.
665 3278 758 3350 Narn
771 3275 1058 3358 exillalenitate,
1071 3301 1232 3375 quacon-

105 3371 265 3462 ciliamur
283 3371 335 3452 iis,
352 3373 411 3470 qui
423 3372 587 3454 audiunt,
599 3374 643 3446 ad
656 3375 750 3448 hanc
762 3375 830 3446 vim
843 3372 1056 3454 acerrimam,
1069 3399 1143 3470 qua
1156 3399 1231 3446 eos·

102 3471 188 3543 dem
201 3470 405 3552 excitamus·
420 3471 586 3544 influat'o
632 3480 706 3546 rtet
722 3473 879 3570 eliquid3
904 3483 1000 3544 etex
1016 3469 1079 3543 hac
1097 3471 1129 3542 vi
1146 3495 1233 3551 non-

103 3593 305 3668 numquam
321 3568 456 3642 ⁵animi
471 3497 841 3666 aliquidinfluendunr
856 3583 912 3646 est
928 3571 977 3644 illi
994 3569 1148 3646 lenitati:
1174 3596 1232 3643 ne-

145 3700 232 3752 suen*
242 3709 306 3753 erae
321 3706 404 3752 tanto
417 3699 475 3752 alla
496 3691 625 3772 merita]
647 3695 692 3756 Ita
714 3717 754 3757 ex
773 3698 944 3776 conjecturat
958 3697 1096 3760 Lambini
1111 3702 1190 3778 lego,
1202 3707 1233 3758 et

103 3773 366 3834 auctoritathSri
376 3777 407 3834 N
408 3775 461 3832 orl.
473 3775 604 3852 Vulgata
615 3794 676 3834 vox
690 3785 763 3838 tanti
778 3797 883 3856 parum
897 3781 1054 3854 respondet
1065 3781 1232 3854 voeiquan·

104 3867 148 3924 to,
162 3871 229 3928 quae
242 3854 376 3928 proxIme
388 3855 531 3931 sequitur.
635 3890 638 3898 r

146 3935 226 3989 ΗΜ
236 3932 304 4003 “lma
314 3932 387 4014 ete]
407 3935 465 3992 Vir
477 3933 598 4011 quidam
609 3933 713 4010 doctus
722 3956 763 3998 ex
777 3935 946 4014 conjectura
959 3940 1043 4022 legit,
1059 3943 1142 4008 Item,
1158 3951 1230 4000 cum,

101 4025 161 4072 ele·
716 4051 718 4056 ,
1061 4067 1062 4070 ,

142 4101 159 4148 5
173 4093 263 4149 anmi
278 4096 580 4173 aliquidr'afluendum
594 4090 654 4173 eat]
668 4093 729 4153 Hic
753 4095 783 4153 in
797 4095 891 4156 studia
901 4098 1043 4158 contraria
1060 4092 1232 4154 scinduntur

101 4171 243 4232 editores.
284 4172 448 4233 Lambinus
461 4173 587 4252 conjecit
610 4175 770 4252 legendum
791 4195 857 4238 esse
880 4182 1096 4252 tnfimdenaumr
1117 4168 1230 4228 Guliel-

101 4251 183 4312 mius
198 4248 273 4310 verb
286 4255 459 4325 inflandum,
470 4255 551 4330 quod
561 4255 649 4314 babet
661 4252 752 4312 etiarn
762 4275 871 4334 margo
883 4259 951 4318 ecit.
972 4249 1209 4313 Melanchtlronis
1221 4271 1229 4304 z

101 4349 159 4388 nec
172 4328 249 4390 mihi
261 4351 321 4390 non
334 4336 468 4410 placeret
482 4337 547 4393 traec
562 4333 816 4408 postramanuu),
830 4337 907 4412 alqui
916 4338 951 4394 M
955 4331 998 4390 Sti
1009 4329 1148 4390 faverent.
1163 4332 1232 4388 Ple·

102 4410 188 4485 rique
204 4410 602 4484 MStihabentinfloeadum,
625 4413 757 4472 nonnulli
769 4415 1011 4489 inflammandum.
1046 4409 1232 4486 ¹Nonopinor

102 4487 273 4548 Cicerones
287 4491 446 4565 scripsisse
459 4493 704 4564 inflammandum,
717 4493 785 4571 quia
797 4511 900 4570 parum
913 4488 1109 4558 Latinesonat
1121 4493 1230 4564 instam-

101 4587 181 4626 mure
195 4573 313 4643 aliqar'd
325 4574 425 4646 aliqui.
454 4571 557 4635 Restat
582 4572 674 4652 igitur
695 4593 764 4636 vox·
776 4573 960 4646 affluendum,
973 4569 1024 4630 cui
1038 4569 1231 4644 patrocinatur
1290 4595 1291 4600 ¹
