2808 5020
528 323 656 408 ntuetr
673 323 714 401 ri.
732 324 780 398 at.
871 321 880 340 ⁴
1142 334 1193 394 rar

97 493 216 570 omnia
227 483 481 572 defenduntur,
499 515 585 592 quae
597 497 682 568 sunt
698 491 775 590 ejus
787 478 939 587 generis,
955 493 996 560 ut
1011 493 1074 562 aut
1097 495 1196 586 upon

93 589 217 676 tuerit,
231 603 293 666 aut
310 589 458 674 licuerit,
475 602 539 664 aut
562 610 710 666 necesse
726 589 843 670 fuerit,¹
874 597 939 662 aut
957 586 1196 686 imprudentia

92 697 160 766 'aut
176 715 261 767 casu
275 693 451 785 factaesse
467 687 659 762 videantur.
699 691 797 770 ¹Jam,
813 685 915 772 Quid
931 695 1084 769 vocetur,
1100 709 1198 782 quae-

97 790 386 888 ritur,ci1m,quo
405 787 511 862 verbo
528 783 613 884 quid
629 786 874 886 appellandum
892 787 936 860 sit
952 785 1198 868 contenditur}

17 939 18 942 =
97 897 138 962 ut
154 889 237 967 mihi
253 889 318 986 ipsi
335 908 418 962 oum
435 888 501 960 hoo
517 884 746 983 Sulpitiofirit
757 885 796 958 in
808 885 965 960 Norbani
976 907 1096 960 caussa
1106 909 1199 958 sune

17 981 18 988 ἵ
96 1007 153 1060 ma
166 987 380 1062 eontentio:
407 986 567 1084 pleraque
584 983 679 1058 enirn
692 983 737 1058 de
753 983 806 1065 iis,
817 996 902 1084 quae
918 985 962 1056 ab
976 985 1045 1058 isto
1065 981 1198 1079 objicis*

85 1077 235 1170 bantur,
254 1083 339 1178 cum
352 1085 550 1166 confiterer,
561 1093 681 1156 tamen
693 1086 735 1156 ab
751 1083 811 1156 illo
827 1083 1066 1179 ⁵majestatem
1087 1081 1200 1154 minu*

92 1194 167 1260 tam
180 1185 348 1282 negabam
361 1209 369 1256 :
395 1183 439 1256 ex
454 1206 525 1281 quo
541 1183 646 1256 verbo
657 1183 735 1280 lege
749 1179 898 1278 Apuleia
913 1190 987 1254 tota
1002 1176 1061 1253 illa
1072 1197 1199 1254 caussa

93 1283 285 1380 pendebat.
333 1282 452 1378 Atque
478 1281 516 1354 in
542 1282 610 1356 hoc
643 1303 774 1378 genere
807 1295 1006 1353 caussarum
1033 1279 1199 1352 nonnulli

17 1397 18 1402 ’
91 1381 319 1482 praecipiunt,
337 1383 526 1458 utverbum
545 1375 644 1461 illud,
655 1379 751 1476 quod
764 1401 919 1452 caussam
937 1377 1031 1459 facit,
1048 1377 1196 1450 mucida

92 1481 313 1578 breviterque
342 1491 493 1576 uterque
524 1479 678 1550 deliniat.
728 1475 842 1558 Quod
861 1476 945 1552 mihi
970 1475 1109 1570 quidem
1125 1488 1199 1573 per·

90 1591 199 1674 quarn
215 1579 348 1675 puerile
364 1577 472 1652 videri
486 1577 595 1650 solet:
621 1571 749 1650 aliaest
761 1574 868 1656 anun,
881 1573 964 1648 edm
974 1575 1067 1663 inter
1077 1575 1198 1648 doctos

17 1749 19 1762 p
88 1673 254 1750 homines
268 1669 313 1748 de
329 1676 371 1750 iis
383 1676 464 1774 ipsis
478 1670 595 1758 rebus,
620 1698 702 1772 quae
719 1684 899 1747 versantur
915 1672 953 1746 in
972 1674 1114 1756 artibus,
1130 1673 1198 1748 dis

87 1777 251 1872 putauit,
263 1772 446 1848 verbcrmn
457 1773 685 1856 definiti03ut
695 1772 775 1844 clun
786 1771 971 1868 quaeritur,
983 1773 1068 1869 quid
1077 1774 1198 1852 sitam,

17 1887 18 1926 ³
89 1872 185 1968 ¹quid
197 1872 244 1942 sit
255 1872 327 1950 lex,
343 1871 430 1967 quid
445 1871 492 1948 sit
507 1871 644 1962 civitas:
669 1869 843 1967 inquibus
860 1871 925 1942 hoc
934 1873 1094 1972 praecipit
1109 1870 1199 1945 ratio
1244 1935 1250 1948 .

17 2047 19 2056 ,
92 1979 204 2068 atque
216 1965 384 2060 doctrina,
397 1979 439 2042 ut
454 1969 507 2050 vis
522 1967 596 2064 ejus
611 1968 671 2050 rei,
678 1992 784 2064 ,quam
802 1967 956 2052 definias,
970 1971 1021 2046 sic
1032 1971 1198 2072 exprime

17 2095 24 2138 1.
87 2067 917 2166 tur,utnequeabsitquidquam,nequesupersit.
935 2067 1197 2166 Quodquidem

88 2167 128 2240 in
145 2167 204 2238 illa
215 2189 334 2242 caussa
350 2191 468 2263 neque
481 2166 650 2262 Sulpitius
666 2164 761 2246 fecit,
785 2186 902 2264 neque
918 2190 984 2264 ego
1005 2169 1124 2242 tacere
1141 2193 1197 2240 co-

17 2319 18 2324 ,
88 2277 312 2338 natussum:
338 2285 432 2345 nam,
449 2275 621 2363 quantum
634 2272 780 2360 uterque
796 2263 962 2338 nostrdm
980 2266 1104 2364 potuit,
1125 2287 1195 2340 ome

17 2439 18 2444 ,
87 2363 128 2438 ni
140 2363 237 2460 copia
249 2363 388 2438 dicendi
401 2363 573 2444 dilatavit,
586 2362 676 2460 quid
688 2372 782 2438 esset
796 2362 1013 2460 majestatem
1027 2363 1196 2446 minueret

91 2461 237 2534 Etenim
254 2461 412 2535 definitio
428 2461 592 2560 primurn,
608 2461 823 2558 reprehenso
837 2464 943 2543 verbo
966 2477 1039 2540 uno
1062 2475 1123 2540 aut
1138 2465 1196 2538 ad·

85 2559 165 2632 dito
180 2569 242 2632 aut
252 2559 384 2642 demto,
417 2577 512 2658 saepe
544 2568 773 2656 extorquetur
795 2562 820 2634 e
852 2564 1026 2638 manibus!
1064 2565 1194 2640 deinde

87 2683 223 2756 genere
239 2657 313 2754 ipso
339 2657 535 2749 doctrinam
549 2653 684 2732 redolet
707 2655 1063 2758 exercitationemque
1088 2683 1195 2758 paene

86 2753 280 2854 puerilem:
304 2763 381 2828 tum
394 2755 483 2832 etin
500 2779 643 2828 sensum
655 2767 692 2828 et
708 2757 745 2828 in
759 2766 916 2830 mentem
925 2757 1049 2853 judicis
1060 2759 1193 2838 intrare·

84 2877 166 2928 non
184 2861 300 2950 potest
311 2881 322 2940 3
346 2865 430 2927 ante
441 2853 536 2927 enirn
549 2853 816 2951 praeterlabitur,
831 2859 937 2952 quam
949 2867 1116 2954 percepta
1127 2868 1190 2930 est.
1249 2921 1259 2933 .

105 3016 106 3021 ,
136 2949 283 3026 XXVI.
307 2951 376 3026 Sed
391 2951 430 3024 in
441 2977 484 3026 eo
497 2977 637 3050 genere,
648 2953 686 3026 in
695 2953 912 3051 quo,Quale
930 2956 975 3028 sit
986 2955 1081 3052 quid,
1091 2955 1193 3028 ambi

85 3049 193 3146 gitur,
217 3050 353 3124 exsistit
369 3049 474 3124 etiam
490 3069 536 3126 en
552 3051 669 3150 scripti
685 3051 976 3150 interpretatione
997 3077 1096 3150 saepe
1110 3077 1192 3127 cone

85 3147 228 3236 tentio;
253 3149 291 3222 in
307 3172 378 3245 quo
390 3147 490 3250 nulla
517 3159 636 3246 potest
662 3173 749 3234 esse,
779 3151 848 3248 nisi
865 3175 909 3222 ex
925 3149 1094 3248 ambiguo,
1111 3155 1194 3224 cong

85 3247 269 3319 troversia.
335 3247 430 3322 Na'm
460 3247 550 3323 illud
582 3249 710 3346 ipsum,
748 3247 830 3341 cum
858 3249 1034 3348 scriptum,
1061 3251 1194 3328 esen-2

88 3343 205 3417 tentia
233 3345 416 3441 discrepat,
448 3349 560 3468 genus
582 3345 754 3446 quoddam
776 3343 880 3420 habet
900 3343 1071 3444 ambigui:
1097 3349 1194 3445 quod

85 3451 167 3516 tum
201 3442 406 3540 explicatur,
436 3467 519 3518 cum
552 3471 591 3518 ea
620 3447 729 3527 verba,
760 3449 851 3542 qute'
878 3447 1019 3529 desunt,
1049 3459 1192 3546 sugges-

84 3547 121 3626 ,ta
148 3549 255 3616 sunt:
277 3543 427 3650 ,quibus
458 3529 592 3626 additis,
619 3545 822 3632 defenditur
838 3547 1053 3620 sententiam·
1088 3547 1193 3648 solip

17 3689 19 3696 ’
126 3683 340 3756 smajatatem
353 3679 513 3762 minutam]
537 3683 588 3742 Sic
608 3690 636 3740 4.
659 3683 760 3743 Oxou.
775 3669 859 3746 Msti
885 3683 1019 3761 itemque
1035 3675 1133 3748 Mead.
1159 3695 1192 3753 et

82 3760 171 3818 Harl.
184 3763 261 3822 door
279 3762 484 3838 uoontvulgd
497 3768 685 3834 immaturum
725 3769 809 3826 Leve
828 3767 883 3824 hoc
895 3765 1019 3825 ¹tortasse
1038 3767 1192 3838 rideaturr

82 3840 140 3974 ped
153 3857 298 3917 nusquam
310 3833 440 3920 (opinor)
453 3843 531 3918 apud
544 3843 719 3904 Ciceronem
740 3844 870 3904 occurrit
883 3845 998 3922 phrasis
1012 3850 1190 3922 majestatem

95 3923 268 3977 mmanuere.
298 3935 310 3960 ³
355 3933 362 3946 '
382 3937 386 3946 ·
628 3939 631 3945 ·
805 3947 810 3953 ’

102 4059 104 4064 ,
123 4007 142 4056 6
156 3998 735 4085 inueterauiterqueuterqu'eaptatur]
763 4002 936 4074 Lambinus
951 4003 1026 4084 legit
1039 4003 1190 4064 dilucidas
1274 4041 1283 4051 -

80 4077 162 4138 edidi
175 4080 248 4140 vere
257 4099 363 4142 vocem
373 4095 497 4154 aterque
511 4083 615 4160 (quam
630 4083 722 4162 ejecit
731 4083 897 4162 Gruterus)
911 4086 1082 4146 auctoritate
1094 4085 1191 4154 pleno·

82 4173 215 4236 rumque
229 4174 371 4223 meorum
395 4165 567 4232 MStorum,
594 4164 728 4241 itemque
742 4161 867 4224 Vietorli
887 4180 917 4226 et
939 4160 1192 4222 &uetustissimae
1297 4193 1299 4198 ·

80 4255 153 4296 rum
165 4238 352 4300 editionum-t
369 4237 403 4300 Si
412 4241 491 4302 istud
501 4255 626 4315 uimque
641 4244 784 4304 sententit
795 4245 878 4314 absit,
888 4257 1011 4304 necesse
1025 4239 1091 4307 erit,
1100 4257 1133 4299 ur
1144 4243 1191 4304 vel

81 4334 158 4374 cum
173 4318 264 4379 msto
276 4323 348 4380 Pall.
361 4328 378 4376 2
395 4325 718 4402 legamus-dqtniatar,
728 4323 776 4384 rel
789 4327 888 4402 potius
898 4322 1090 4394 dotaiuauuc·
1102 4325 1191 4382 morlo

82 4397 199 4457 Noster
209 4403 301 4474 paulo
313 4400 390 4462 infra
400 4400 542 4477 loquitur,
554 4409 601 4461 vis
615 4405 679 4476 ejue
693 4401 973 4480 utquam-definias,
988 4401 1030 4456 uc
1042 4405 1190 4473 exprima-

82 4487 147 4544 tur,
162 4489 205 4550 ut,
219 4491 278 4538 etc.
596 4503 599 4508 ·

441 4535 688 4638 R
883 4521 885 4532 '
