2830 5014
502 369 661 432 ,uranu
682 371 808 434 ursa
943 359 946 366 '
1133 379 1207 476 [aas

70 517 287 610 ¹delinitum,
302 513 479 597 obtinent,
495 524 604 612 atque
619 519 654 592 id
666 519 804 617 ipsum¹
822 517 967 594 leoinid:
992 545 1089 594 nuno
1105 523 1202 598 enim

74 618 175 717 apud
191 617 387 696 Philonem,
411 639 519 710 quem
535 615 573 687 in
588 614 774 692 Academia
790 618 938 692 maxime
957 618 1069 716 vigere
1084 623 1199 703 audio,
1280 638 1282 642 ’

75 717 187 789 etiam
212 712 334 788 horum
342 714 415 812 jam
432 736 629 802 caussarum
645 716 802 813 cognitio
827 717 1095 815 exercitatioque
1111 720 1200 794 cele·

75 816 215 888 bratsr:
240 815 388 911 alterum
405 809 489 883 ueri)
507 814 751 887 tantumnodo
764 817 804 890 in
820 813 931 911 primii
948 825 1018 888 arte
1034 817 1200 891 tradenda

76 914 273 994 nominant,
286 910 476 984 storatoris
487 911 711 985 essedicunt':
727 913 790 987 sed
801 938 919 1008 neque
930 913 1007 996 viru,
1018 939 1132 1011 neque
1141 931 1200 988 nass

78 1020 195 1084 turam
210 1011 297 1106 ejus,
308 1034 379 1082 neo
393 1017 507 1106 partes
519 1032 590 1082 nec
601 1033 726 1106 genera
738 1021 958 1108 proponunt3
976 1022 1016 1086 ut
1028 1013 1199 1109 proeteriri

77 1109 227 1182 omnino
250 1106 359 1180 fuerit
383 1105 503 1187 satius,
526 1110 635 1202 quam
661 1109 677 1158 2
700 1117 912 1186 attentatum
939 1110 1069 1184 deseri:
1100 1133 1199 1184 nunc

77 1207 175 1282 enirn
191 1205 308 1304 inopia
322 1204 465 1278 reticere
481 1205 734 1300 intelliguntur,
755 1215 832 1280 tum
843 1207 973 1302 judicio
989 1208 1198 1282 viderentur.
1227 1239 1333 1315 „353-

92 1379 96 1394 .
130 1303 263 1378 XXIX.
289 1302 414 1376 Omnis
431 1302 536 1398 igitur
552 1325 608 1374 res
625 1304 773 1378 eandem
796 1306 899 1378 hebet
922 1316 1082 1384 naturam
1097 1307 1199 1380 ambi-

8 1453 9 1460 .
77 1401 200 1498 gendi,
218 1401 262 1474 de
278 1426 356 1498 qua
381 1401 494 1498 quaeri
510 1410 550 1474 et
566 1400 752 1499 disceptari
765 1413 893 1499 potest,
910 1403 981 1476 sive
1003 1404 1041 1479 in
1053 1405 1200 1478 infinitis

8 1530 12 1575 r
77 1500 397 1574 consultationibus
413 1499 643 1595 disceptatur,
660 1498 780 1572 sivein
795 1501 835 1574 iis
848 1501 993 1583 caussis,
1007 1525 1089 1598 quse
1105 1503 1143 1574 in
1154 1502 1200 1576 ci·

8 1629 14 1675 μ
78 1597 184 1672 vitate
196 1599 283 1672 etin
293 1597 425 1672 forensi
438 1596 692 1693 disceptatione
707 1608 907 1673 versantur:
924 1612 1103 1695 nequeest
1115 1601 1198 1680 ullu,

79 1721 164 1794 quae
179 1720 253 1770 non
268 1697 384 1770 autad
402 1694 640 1792 cognoscendi
656 1706 719 1768 aut
733 1697 777 1770 ad
794 1697 919 1795 agendi
930 1699 1011 1771 :vim
1021 1697 1200 1773 rationem·

8 1802 13 1871 :¹
78 1819 154 1893 que
178 1797 354 1866 referatur.
406 1795 531 1866 suam
555 1803 619 1866 sut
640 1793 892 1892 ipsa-cognitio
916 1794 964 1868 rei
989 1798 1201 1892 scientiaque

8 1929 10 1968 ÷
79 1892 304 1988 perquiritur,
320 1901 377 1984 ut,
386 1889 516 1964 Virtus
526 1914 668 1966 suamne
679 1902 819 1989 propter
830 1893 1045 1991 dignitatem,
1055 1895 1092 1968 in
1103 1917 1202 1990 pron

80 1993 284 2064 ter-fructus
295 1990 429 2086 aliquos
445 1998 650 2088 expetatur3
673 2003 733 2080 eut
743 1992 868 2088 agendi
884 1992 1069 2068 consilium
1081 1993 1203 2088 exqui-

8 2121 9 2140 r
80 2089 178 2170 ritur,
194 2098 247 2170 ut,
262 2089 362 2162 Sitne
372 2089 521 2186 sapienti
537 2090 749 2186 capessenda
761 2091 973 2188 Respublica.
1022 2089 1201 2188 Cognitio

80 2187 270 2260 nisadtem
285 2196 355 2260 tres
369 2187 476 2266 modi,
500 2189 711 2284 conjectura,
740 2188 909 2270 definitio,
935 2201 984 2268 et,
1011 2198 1052 2264 ut
1081 2191 1129 2260 ita
1153 2186 1203 2260 di·

83 2307 177 2366 cam,
201 2285 427 2358 consecutio:
452 2285 555 2367 Nam,
572 2285 659 2382 quid
675 2286 713 2358 in
728 2311 765 2358 re
779 2286 837 2368 sit,
861 2285 1206 2382 conjectursquaeri·

81 2394 157 2468 tur;
181 2394 223 2457 ut
238 2382 338 2467 illud,
363 2383 464 2456 Sitne
485 2382 525 2455 in
551 2381 702 2456 humano
717 2407 846 2480 genere
863 2385 1037 2484 sapientia.
1086 2386 1206 2468 Quam

82 2493 199 2566 autem
223 2481 293 2558 vim
320 2505 474 2579 quaeque
491 2505 548 2554 ros
565 2481 704 2565 habeat,
726 2483 889 2560 definitio
914 2483 1065 2580 explicat
1077 2511 1087 2570 ;
1110 2495 1153 2558 ut
1174 2483 1207 2558 si

81 2589 277 2679 quaeratur,
301 2580 387 2674 quid
412 2581 459 2652 sit
484 2579 661 2676 sapientia.
709 2581 929 2658 Consecutio
953 2593 1070 2658 autem
1086 2591 1206 2656 tracta·
1231 2640 1233 2644 .

84 2690 156 2760 tur,
181 2677 274 2757 clm,
301 2676 388 2773 quid
412 2700 589 2772 quumque
616 2703 689 2752 rem
718 2689 894 2776 sequatur,
920 2681 1129 2774 inquiritur3
1165 2692 1207 2756 ut
1278 2765 1281 2769 ,

82 2777 185 2858 illud,
210 2775 308 2848 Sitne
323 2773 511 2870 aliquando
531 2775 670 2850 mentiri
690 2779 770 2852 boni
790 2777 862 2852 viri.
910 2775 1074 2850 Redeunt
1088 2800 1208 2848 rursus

82 2874 128 2949 ad
145 2882 392 2970 conjecturam,
421 2896 566 2968 eamque
590 2873 628 2946 in
651 2887 800 2974 quatuor
824 2899 950 2972 genera
973 2873 1206 2970 dispertiunt:

9 3059 10 3062 Ἴ
82 2999 167 3050 nam
182 2982 254 3058 aut,
277 2971 396 3069 4quid
418 2971 474 3056 sit,
499 2973 683 3066 quaeritur,
708 2977 775 3050 hoc
802 2973 929 3062 modo;
952 2971 1138 3053 Naturdne
1160 2971 1208 3044 sit

81 3073 143 3172 jus
167 3071 261 3144 inter
287 3069 458 3152 homines,
490 3094 536 3141 an
564 3070 807 3168 opinionibus:
835 3081 909 3152 aut,
932 3095 1015 3168 ques
1039 3069 1094 3144 sit'
1112 3071 1210 3168 origo

83 3173 256 3266 cujusque
271 3169 342 3253 rei3
367 3177 418 3250 ut,
434 3166 532 3266 quod
549 3168 595 3240 sit
609 3169 748 3244 initium
773 3173 892 3267 legum
908 3180 968 3242 aut
990 3169 1208 3267 Rerumpub·
1249 3214 1250 3226 .

84 3269 246 3346 licarum,
262 3275 323 3340 aut
339 3289 459 3339 caussa
483 3273 521 3337 et
533 3267 643 3354 rati03
667 3275 719 3350 ut,
735 3269 764 3340 si
780 3275 969 3366 quaeratur,
985 3265 1059 3340 Cur
1081 3267 1209 3342 doctis·

85 3365 165 3439 simi
176 3362 336 3438 homines
354 3364 399 3438 de
414 3363 571 3438 maximis
582 3367 684 3440 rebus
695 3367 928 3450 dissentiaut3
950 3373 1010 3442 aut
1026 3366 1070 3438 de
1086 3367 1210 3440 immu-

130 3523 264 3586 llocr’cid
277 3521 307 3618 ς]
327 3523 484 3600 Togarum
511 3539 542 3588 et
564 3525 722 3602 palliorum
747 3526 808 3586 ima
828 3543 894 3602 pars
909 3519 1063 3581 vocabatur
1083 3521 1210 3586 aarum}
1252 3571 1254 3576 ,

87 3607 199 3668 Sensus
211 3605 379 3682 estiguur;
399 3606 690 3666 rhetoresd'rfinitum
701 3599 1211 3684 genustenedusedlacr'nidsotume

85 3687 255 3763 periculum
268 3695 316 3744 est
326 3682 409 3742 enim
423 3703 460 3744 ne
473 3686 503 3746 id
514 3705 610 3764 genus
619 3689 654 3743 ab
667 3685 704 3745 iis
719 3687 891 3744 divellatur:
910 3700 979 3741 nam
988 3682 1075 3742 audio
1083 3685 1212 3761 philoso-

86 3769 184 3842 phum
195 3763 351 3823 Philonem
366 3762 458 3823 etiam
473 3765 643 3844 hujusmodi
656 3782 828 3826 caussarum
843 3761 1057 3822 tractandarum
1069 3765 1215 3828 rationem

84 3845 150 3923 jem
162 3845 277 3902 docere.
317 3843 565 3921 Lucinidaliquid
591 3857 688 3906 tenere
710 3846 758 3903 vel
772 3846 897 3899 otrirrere
911 3839 992 3898 idem
1006 3845 1083 3904 valet
1096 3865 1129 3904 ac
1148 3863 1214 3902 rem

87 3941 148 3982 non
162 3921 219 3982 nisi
227 3920 332 3982 leviter
346 3935 447 3992 tenere
464 3946 472 3994 ;
493 3924 542 3985 cui
568 3922 747 3982 contrarium
773 3935 819 3978 est
839 3920 912 3980 illud
926 3923 1036 3980 medice
1049 3928 1165 4000 teneris,
1180 3933 1214 3982 ut

85 4001 127 4062 ait
138 4003 302 4060 Erasmus:
323 4001 433 4062 Noster
455 4003 505 4064 hle
524 4003 641 4063 videtur
652 4001 801 4078 respicere
824 4003 861 4060 ad
883 4000 956 4060 illud
971 4002 1066 4062 Plaut.
1079 4003 1111 4060 in
1124 3999 1210 4060 Asin.

87 4083 158 4142 Act.
172 4079 215 4140 iii.
232 4082 448 4141 Sc.2.ver.4t.
489 4085 711 4155 Lacrumantem
725 4079 1100 4152 lacinittencrucrymam.
1163 4133 1166 4138 .

127 4157 356 4239 umentorum]
389 4163 552 4230 Lambinus
575 4160 808 4238 legitattcctum,
835 4162 915 4238 quod
939 4171 1035 4218 exstat
1061 4158 1091 4217 in
1114 4157 1214 4222 Mser·

85 4239 166 4300 pith·
182 4241 266 4300 Joan·
283 4245 307 4301 ἃ
324 4243 425 4304 Mefld·
618 4279 620 4284 ·

89 4387 93 4393 ¹
129 4326 146 4376 3
162 4317 240 4382 Nam
253 4331 308 4384 cut,
320 4323 384 4390 ilua
394 4325 520 4396 cognitio
531 4323 584 4390 νεὶ,
596 4317 671 4399 etc]
691 4318 771 4378 Vide
785 4321 822 4380 de
835 4318 890 4379 hdo
913 4318 977 4392 ipsa
999 4333 1032 4375 re
1045 4317 1217 4392 loquentem

84 4397 268 4458 Ciceronem
281 4397 312 4457 in
327 4400 433 4476 Topic.
448 4422 472 4459 c.
484 4408 531 4458 21.
546 4408 595 4460 22.
606 4405 653 4456 23.
668 4410 698 4458 et
711 4396 741 4458 iu
752 4401 827 4476 Part.
837 4401 919 4457 Orat.
935 4415 962 4454 c.
981 4403 1024 4453 18.
1043 4401 1086 4452 19.

126 4485 146 4534 4
160 4483 230 4550 quid
244 4477 309 4558 eiu]
323 4481 402 4552 Quid
414 4484 453 4537 eit
466 4499 524 4538 non
539 4475 725 4556 simpliciter,
735 4493 769 4540 ut
778 4480 807 4538 in
816 4475 983 4538 definitione
998 4497 1008 4552 3
1030 4477 1084 4536 scd
1097 4475 1168 4556 quid
1178 4477 1216 4538 sit

82 4554 117 4617 in
133 4575 175 4632 re,
191 4559 334 4634 idesuan
348 4557 386 4621 sit
399 4557 560 4651 quiddam,
579 4556 732 4638 quaeritur.
773 4559 933 4620 Strcbaeus.
1050 4625 1052 4630 Ι
