2830 5014
513 337 527 384 s·
566 321 751 386 Lmnllil.
770 327 816 386 rs.
875 383 880 402 ,
1174 335 1229 388 raa

107 484 160 558 its
173 483 344 575 magnum
362 479 478 572 putes,
495 470 584 546 nihil
599 473 637 545 in
648 497 771 552 caussa
782 469 862 546 mali
873 467 1065 552 lacerent
1078 469 1165 546 nihil
1176 469 1239 549 tibi
1365 544 1368 552 ,

108 583 153 654 in
164 589 300 652 oratore
312 573 421 672 majus
430 593 509 644 esse
522 570 683 644 videatur.
1191 625 1195 634 .

141 727 144 734 «
165 673 334 750 LXXIV.
362 671 483 744 Dicam
496 667 672 763 equidem,
700 668 834 749 Caesar,
857 667 984 766 inquit,
1003 665 1098 765 ,quid
1115 667 1240 742 intelli-

115 799 218 874 gam:
244 773 306 846 sed
321 779 355 843 et
372 779 426 848 tu,
451 777 487 840 et
510 789 569 838 vos
587 789 721 848 omnes,
748 766 826 848 hoc,
856 766 987 862 inquit,
1008 775 1239 848 mementote,

109 897 194 946 :non
210 870 328 946 mede
342 865 486 966 perfecti
500 864 989 959 oratorisdivinitatequadam
1007 864 1238 963 loquitedde
1313 955 1316 964 Ἰ

74 979 76 982 ’
109 969 377 1044 ‘exercitationis
389 975 428 1037 et
438 961 705 1038 consuetudinis
721 984 812 1042 rneoe
824 961 1072 1039 mediocritate.
1123 962 1240 1036 Crassi

112 1069 259 1167 quidem
275 1085 482 1161 responsum
493 1060 704 1134 excellentis
716 1059 896 1156 cujusdam
908 1071 965 1134 est
981 1060 1160 1157 ingeniine
1176 1061 1241 1132 sin

113 1165 270 1264 gularis3
294 1161 380 1235 8cui
395 1160 539 1258 quidem
552 1158 709 1256 portenti
728 1156 839 1232 simile
854 1181 932 1230 esse
942 1160 1053 1232 visum
1064 1168 1126 1241 est,
1142 1182 1243 1255 posse

101 1265 275 1362 ,aliquem
283 1259 427 1334 inveniri
440 1266 616 1338 oratorem,
629 1257 698 1351 qui,
703 1254 840 1352 aliquid
848 1255 927 1330 mali
941 1256 1070 1330 fuceret
1079 1258 1241 1338 dicendo,

116 1363 332 1456 obessetque
347 1358 391 1438 ei,
408 1381 514 1454 quem
530 1354 744 1428 detenderet.
801 1353 930 1426 ⁹Facit
944 1355 1038 1430 enim
1054 1355 1099 1429 de
1115 1379 1151 1451 se
1163 1379 1243 1430 con·

110 1460 291 1556 jacueram,
308 1457 406 1553 cujus
418 1466 521 1528 tanta
538 1451 586 1524 vis
599 1450 733 1548 ingenii
745 1459 811 1531 est,
823 1461 866 1522 ut
877 1451 1066 1534 nemirmm,
1080 1453 1146 1526 nisi
1162 1477 1244 1526 con·

114 1558 225 1638 salto,
236 1563 353 1654 putet,
369 1553 465 1651 quod
482 1559 607 1628 contra
623 1549 776 1646 seipsum
788 1546 845 1629 sit,
863 1548 995 1622 dicere:
1021 1551 1083 1624 sed
1094 1575 1158 1648 ego
1170 1576 1245 1632 non

2 1686 5 1715 ;
111 1653 357 1753 deprsestanti
369 1652 516 1749 quadam
527 1659 563 1726 et
574 1646 906 1744 eramiasedprope
915 1647 961 1720 de
969 1649 1098 1746 vulgari
1108 1659 1145 1721 et
1156 1675 1245 1728 com·

114 1755 219 1828 muni
233 1752 420 1848 piudentia
436 1750 584 1844 disputo.
641 1743 931 1842 ¹ApudGraeoos
942 1745 1054 1821 fertur
1063 1747 1244 1822 incredibi-

112 1853 145 1924 n
161 1851 311 1946 quadam
321 1845 566 1944 magnitudine
586 1844 721 1918 consilii
737 1851 841 1940 atque
857 1844 989 1939 ingenii
1016 1844 1246 1922 Atheniensis
1353 1869 1357 1874 ·

119 1949 184 2026 ille
201 1945 613 2029 luisaeThcmistocles3
637 1943 680 2022 ad
693 1965 800 2038 quem
812 1941 954 2038 quidam
978 1942 1105 2026 doctus
1131 1944 1245 2026 homo,

116 2057 224 2145 atque
244 2047 283 2120 in
307 2045 425 2144 primis
448 2042 608 2116 eruditus
633 2039 825 2114 accessisse
849 2039 991 2126 dicitur,
1018 2042 1121 2140 eique
1136 2053 1248 2116 artem

116 2145 413 2240 memoriensem
429 2153 506 2216 tum
521 2141 679 2238 primum·
691 2138 937 2236 proferebatur,
959 2142 1158 2237 2pollicitus
1171 2165 1247 2212 csse

120 2262 162 2322 se
174 2243 400 2318 traditurum:
427 2241 509 2314 clam
521 2239 580 2312 ille
591 2239 788 2334 quaesiss'et,
799 2237 964 2333 quidnam
973 2237 1032 2318 illa
1042 2263 1098 2324 ars
1110 2239 1249 2312 efficere
1311 2309 1315 2316 .

118 2351 254 2440 posset,
268 2339 534 2419 sdixisseillum
550 2338 743 2418 doctorem,
773 2347 811 2410 at
825 2337 938 2408 omma
953 2339 1162 2412 meminisset
1171 2365 1187 2416 ;
1210 2347 1248 2410 et

118 2441 150 2513 ei
176 2439 454 2520 Themistoclem
480 2435 720 2534 respondisse,
728 2439 873 2529 gratiam,
885 2435 951 2509 sile·
967 2436 1067 2520 illum
1083 2462 1158 2511 erse
1161 2440 1248 2532 fac·
1285 2496 1287 2501 .

107 2541 247 2620 'turam
264 2537 517 2616 si-seoblioisci,
527 2557 608 2628 'qum
618 2535 735 2615 vallet,
751 2535 854 2628 quiam
870 2537 901 2607 si
912 2539 1107 2611 meminisse
1121 2537 1250 2616 monis

119 2647 185 2710 set.
235 2634 405 2712 Videsne,
418 2655 500 2728 quae
513 2631 563 2704 vis
580 2633 617 2704 in
633 2632 777 2706 homine
800 2633 956 2706 acerrimi
982 2634 1124 2730 ingenii,
1140 2638 1249 2728 quarn

121 2738 267 2832 potens,
282 2742 320 2806 et
336 2740 464 2828 quanta
479 2753 580 2806 mens
596 2729 725 2804 fuerit?
750 2731 810 2826 qui
836 2731 885 2802 ita
898 2731 1123 2826 responderit,
1141 2740 1181 2800 ut
1197 2728 1248 2804 in-

116 2833 280 2930 telligere
298 2853 490 2928 possemus,
507 2827 598 2920 nihil,
610 2853 655 2902 ex
671 2830 764 2904 illius
780 2827 909 2909 animo,
923 2827 1018 2924 quod
1032 2826 1138 2898 semel
1154 2837 1250 2900 esset

117 2931 288 3009 infusum,
298 2953 464 3025 umquam
480 2926 622 3000 effluere
634 2929 810 3024 potuisse:
835 2930 918 3001 clim
936 2926 1080 3024 quidam
1094 2923 1126 2998 ei
1143 2925 1250 2999 fuerit

120 3029 318 3125 optabilius,
336 3026 489 3100 oblivisci
507 3049 610 3124 posse
625 3026 754 3122 potiris,
777 3026 873 3123 quod
900 3025 1100 3100 meminisse
1127 3022 1248 3106 nollet,

123 3151 242 3222 quam,
269 3125 365 3222 quod
381 3126 493 3200 ,semel
519 3125 673 3208 audisset
701 3125 893 3203 vidissetve,
919 3122 1130 3196 meminisse.
1179 3122 1250 3194 Sed

125 3248 246 3319 neque
261 3231 398 3320 propter
414 3226 478 3296 hoc
488 3223 750 3296 Themistocles
764 3243 986 3317 responsum,
998 3221 1179 3296 memoriae
1189 3247 1249 3294 no

124 3322 179 3394 bis
196 3345 299 3416 opera
312 3321 424 3416 danda
436 3345 507 3393 non
519 3331 593 3403 est3
618 3345 736 3417 neque
747 3319 804 3391 illa
817 3343 892 3392 mea
904 3318 1020 3392 cautio
1038 3330 1073 3390 et
1085 3320 1249 3394 timiditas

122 3418 163 3492 in
175 3418 305 3496 caussis
314 3428 457 3516 propter
465 3427 697 3519 praestantem
711 3418 930 3518 prudentiam
947 3415 1060 3489 Crassi
1073 3417 1249 3514 negligen-

122 3517 168 3590 da
185 3527 266 3590 est:
293 3519 555 3615 uterqueenim
583 3517 729 3590 istorum
757 3539 832 3594 non
848 3517 930 3590 mihi
955 3515 1070 3589 attulit
1086 3516 1249 3611 aliquam,

162 3653 180 3702 8
194 3643 312 3722 Vulgo,
326 3650 374 3703 cui
388 3643 525 3722 quiddam
536 3648 784 3722 nortmanniae]
807 3643 962 3702 Editiones
976 3642 1052 3699 Vm.
1069 3653 1100 3700 et
1114 3641 1250 3713 Manutii,

126 3724 210 3784 Msti
223 3727 306 3782 Cant.
320 3726 419 3783 Mead.
438 3725 524 3802 Wag.
541 3723 623 3781 Harl.
637 3723 706 3792 duo,
718 3723 803 3782 Nori.
816 3736 846 3782 et
859 3739 965 3780 omues
986 3721 1175 3782 oxonienses
1195 3743 1250 3782 cir·

125 3802 237 3876 hibent,
252 3807 298 3861 cui
311 3805 435 3882 quidem
442 3807 585 3873 portenti,
599 3812 655 3860 etc.

169 3885 277 3940 9Fam't
297 3883 371 3941 e'm'm
394 3888 429 3940 de
443 3905 474 3941 ee
499 3879 722 3960 conjecturam]
740 3877 915 3957 Praepositio
937 3887 972 3939 de
1000 3882 1050 3942 hic
1072 3883 1153 3954 idem
1174 3881 1249 3938 valet

124 3964 205 4056 quod
218 3982 280 4022 ex:
300 3975 333 4060 ut
345 3961 375 4023 iu
390 3963 431 4023 iii.
449 3969 495 4021 33.
508 3972 582 4034 eaepe
593 3966 643 4018 acc
657 3967 758 4019 audiui
772 3965 806 4016 de
820 3969 950 4030 testreet
964 3967 997 4019 de
1016 3980 1112 4022 socero
1122 3976 1204 4022 meo;
1218 3970 1250 4016 ct

123 4043 285 4195 ahilidpad
301 4121 430 4203 Grecos]
452 4122 567 4200 Vulgo,
586 4125 624 4180 Ut
636 4127 717 4191 apud
733 4122 847 4178 Grecos
862 4145 873 4182 :
895 4123 948 4182 sed
962 4121 1052 4180 otiosa
1064 4127 1109 4174 cst
1121 4113 1171 4173 illa
1183 4134 1248 4192 par-

123 4203 221 4273 ticula,
231 4223 287 4262 nec
301 4217 385 4264 extat
397 4205 428 4261 in
442 4203 540 4264 MStis
554 4203 636 4261 loun.
651 4205 734 4260 Cant.
748 4201 837 4277 Wag.
851 4215 882 4262 et
895 4205 978 4262 Harl.
989 4215 1032 4272 pr.

164 4288 184 4338 2
193 4279 361 4362 [radicitus]
382 4281 488 4358 Vulgo
504 4285 683 4353 pollicitam:
706 4281 759 4338 sed
779 4300 888 4358 sequor
903 4273 1071 4339 manutium
1087 4285 1118 4332 et
1130 4275 1249 4336 Lambi-
1304 4337 1306 4344 ,

125 4379 207 4429 nom,
219 4361 285 4438 ipsa
298 4361 513 4420 Grammaticae
533 4361 643 4421 ratione
658 4365 835 4436 postulante.
1024 4397 1033 4406 ,ν

167 4441 309 4504 seraitae
319 4439 420 4521 ἱππική]
432 4439 464 4498 Si
475 4440 675 4518 subintelligas
688 4444 793 4502 dicitur
806 4445 852 4499 vel
866 4439 974 4503 dicant,
988 4449 1045 4490 non
1056 4452 1133 4511 opus
1145 4435 1209 4505 erit,
1219 4447 1251 4496 ut

124 4535 196 4579 cnm
211 4520 358 4580 Lambino
371 4524 465 4599 legas,
474 4522 522 4580 ille
536 4525 647 4593 docter,
656 4534 687 4582 et
701 4541 773 4583 mox
792 4519 995 4577 Themistoclea
1007 4521 1199 4582 remansisse.
