2808 5020
252 395 306 448 ¹³4
656 383 716 448 DE
735 381 948 450 onhrou·

245 530 361 608 ornavi
377 531 523 628 pecudis
537 555 626 615 esse,
643 559 716 608 non
733 534 896 616 hominis,
922 531 1002 608 cirm
1018 539 1130 608 tantm
1146 555 1203 607 res
1217 528 1343 610 Grmci

243 630 336 704 susci
383 643 476 711 rent,
503 635 759 728 profiterentur,
787 645 944 729 agerent,
970 655 1114 729 seseque
1137 643 1176 704 et
1200 633 1343 708 videndi
1380 711 1381 728 p

243 752 300 802 res
317 755 339 802 ο
398 730 586 811 unissimus,
603 741 637 803 et
653 733 740 802 bene
755 728 904 807 vivendi,
928 747 965 799 et
980 731 1121 826 copiose
1134 729 1275 807 dicendi
1294 757 1344 806 ra·
1377 733 1381 818 l

243 826 378 902 tionem
402 829 601 903 hominibus
618 829 759 902 daturos
779 826 1038 924 pollicerentur,
1064 852 1142 900 non
1158 829 1344 904 admovere

242 947 381 1009 eurem3
404 941 451 1008 et,
470 928 498 1000 si
517 928 625 1025 palem
639 925 827 1000 audireecs
841 949 915 996 non
931 922 1091 1004 auderes,
1105 950 1150 1000 ne
1163 928 1344 1002 minueres
1381 933 1383 990 l

241 1025 335 1121 apud
354 1036 432 1098 tuos
445 1026 530 1098 sires
542 1026 782 1120 anctoritatem
793 1035 897 1105 uum,
909 1023 1203 1097 subauscultando
1218 1037 1341 1100 tamen
1381 1103 1382 1106 ,

198 1120 201 1128 ’
241 1122 406 1218 excipere
421 1147 523 1196 voees
540 1149 674 1205 eorum,
698 1134 735 1198 et
751 1123 884 1221 procul,
908 1121 994 1218 quid
1009 1132 1201 1203 narrarent,
1227 1134 1347 1197 atten-

240 1215 345 1292 dere:
369 1219 489 1316 ittque
506 1221 584 1300 feci,
596 1222 733 1302 Catule,
749 1231 789 1294 et
806 1221 950 1296 istorrun
965 1221 1126 1296 omnium
1139 1221 1347 1296 summatim

242 1339 380 1390 mussas
394 1323 429 1390 et
446 1341 571 1414 genere
585 1317 661 1414 ipse
676 1317 818 1414 gustavi.
975 1335 976 1340 ’
1380 1337 1381 1340 ’

290 1415 482 1489 XXXVII.
506 1416 618 1488 Valde
631 1415 782 1497 hercule,
793 1415 907 1511 inquit
924 1417 1083 1498 Catulus,
1102 1417 1237 1502 timide,
1254 1427 1346 1492 tarn·
1380 1463 1381 1478 ÷

242 1512 403 1610 quamad
413 1513 569 1609 aliquem.
575 1512 723 1588 libidinis
732 1515 927 1611 scopulum,
944 1515 995 1588 sic
1010 1523 1107 1588 tuam
1123 1523 1280 1590 mentem
1300 1517 1346 1590 ad
1379 1513 1381 1602 j

243 1611 492 1708 philosophiam
505 1611 679 1710 appulisti,
693 1635 798 1708 quam
813 1611 893 1686 haec
910 1613 1031 1686 civitas
1042 1624 1226 1712 aspernata
1241 1639 1350 1689 num·
1377 1673 1378 1676 ,

241 1733 348 1805 quam
369 1720 435 1783 est.
484 1710 1092 1806 Nametreferu,quondam1mia
1111 1713 1352 1808 Pythagoreo·
1382 1745 1383 1748 ¹

243 1831 322 1882 rum
334 1807 401 1882 fuit
416 1817 503 1888 tum,
515 1808 599 1884 cirm
620 1808 745 1882 eratin
762 1809 831 1882 hoo
844 1820 950 1904 gente
964 1833 1091 1903 magna
1106 1808 1163 1880 illo
1178 1807 1349 1882 Graecia:
1382 1863 1384 1896 2

242 1906 492 2001 exquoetiam
501 1907 642 2001 quidam
653 1907 806 1980 Numam
817 1904 1161 2002 Pompiliumregem
1169 1913 1345 1988 nostrum,
1383 1961 1386 2016 p

242 2002 352 2075 fuisse
365 2003 624 2098 Pythagoreum
636 2003 773 2086 ferunt3
790 2003 851 2096 qui
863 2003 968 2075 annis
980 2002 1161 2099 permultis
1172 2003 1346 2102 anteluit,
1383 2055 1384 2103 3

241 2099 433 2197 quemipse
442 2098 681 2196 Pythagoras;
703 2125 776 2196 quo
791 2098 893 2172 etiam
907 2099 1017 2196 major
1025 2099 1076 2170 vir
1086 2099 1266 2174 habendus
1274 2110 1344 2182 est,
1382 2108 1385 2196 J

244 2195 431 2272 oirmillnm
444 2197 914 2295 sapientiamconstituendoe
928 2196 1077 2270 civitatis
1090 2197 1225 2271 duobus
1237 2223 1346 2296 prope
1381 2203 1382 2242 ³

244 2294 1346 2392 saeculisantecognovit,quemeamGraecinatamessesense·
1381 2313 1382 2370 ἲ

243 2403 338 2475 runt.
389 2397 438 2464 Et
454 2394 548 2466 certe
563 2418 637 2468 nou
653 2392 733 2464 tulit
748 2393 838 2466 ullos
854 2393 934 2464 haec
951 2392 1141 2466 civitnsaut
1157 2395 1269 2491 glorio
1279 2396 1343 2469 cla-

243 2491 365 2566 riores,
382 2497 439 2560 aut
451 2489 657 2561 auctoritate
669 2489 850 2584 graviores,
861 2498 921 2562 aut
931 2489 1150 2564 humanitate
1161 2493 1343 2588 politiores

242 2587 284 2658 P.
302 2583 479 2666 Africano,
494 2585 537 2656 Ο.
555 2584 679 2667 Laelio,
693 2587 736 2658 L.
754 2587 872 2669 Furio,
884 2587 945 2684 qui
958 2612 1081 2662 secum·
1089 2590 1344 2672 eruditissimos

242 2682 406 2760 homines
421 2708 467 2756 ex
483 2681 627 2758 Groecie
641 2685 756 2781 palam
766 2707 903 2782 semper
914 2685 1118 2762 habuerunt.
1143 2687 1265 2784 Atque
1275 2714 1342 2788 ego
1378 2737 1381 2774 ,

241 2809 290 2858 ex
307 2779 382 2854 istis
398 2805 494 2880 smpe
508 2781 728 2863 audivi,cl1m
743 2782 912 2864 dicerent,
929 2795 1131 2880 pergratum
1147 2785 1342 2863 Athenien-

243 2905 304 2958 ses
320 2890 356 2953 et
373 2881 435 2954 sibi
462 2882 596 2962 fecisse,
619 2892 655 2954 et
679 2881 798 2954 multis
815 2880 1029 2977 principibus
1046 2880 1207 2963 civitatis,
1231 2884 1344 2981 quod,

243 2981 330 3058 calm
341 2978 384 3052 ad
399 2989 560 3052 senatum
576 2980 710 3076 legatos
723 2979 767 3052 de
780 2979 852 3050 suis
863 2976 1020 3050 maximis
1032 2979 1135 3050 rebus
1145 2979 1343 3064 mitterent,
1377 2997 1378 3000 ’

242 3090 315 3154 tres
331 3078 422 3151 illius
436 3078 554 3152 aetatis
568 3078 801 3151 nobilissimos
818 3075 1036 3173 philosophos
1047 3075 1237 3159 misissent,
1261 3080 1343 3152 Car·

245 3178 391 3252 neadem
407 3186 443 3250 et
458 3176 648 3252 Critolaum
663 3187 701 3250 et
714 3175 929 3272 Diogenem:
953 3175 1069 3271 itaque
1084 3199 1153 3256 eos,
1169 3175 1257 3250 dum
1270 3179 1334 3252 Ilo·

244 3297 314 3348 mae
326 3284 457 3355 essent,
471 3278 544 3349 *eta
561 3299 599 3349 se
615 3285 653 3350 et
660 3277 703 3347 ab
717 3273 792 3346 aliis
804 3273 1002 3369 frequenter
1013 3273 1171 3347 auditos:
1192 3299 1283 3372 ,quos
1299 3285 1336 3348 tu

244 3372 327 3448 oiim
343 3372 486 3445 haberes
509 3383 677 3453 unctores,
702 3371 851 3454 Antoni,
877 3370 995 3454 miror,
1011 3396 1075 3446 cur
1102 3370 1336 3470 philosophiae‚

245 3471 335 3545 sicut
367 3471 503 3543 Zethus
532 3469 589 3542 ille
619 3471 844 3550 Pacuvianus,
872 3493 978 3568 prope
1003 3470 1136 3543 bellum
1163 3468 1335 3549 indixeris.

244 3569 406 3652 Minime,
424 3568 541 3664 inquit
556 3566 753 3641 Antonius:
777 3593 817 3641 ac
834 3568 883 3642 sic
892 3567 1027 3640 decrevi
1039 3567 1267 3664 philosophari
1283 3592 1336 3665 po

243 3665 324 3764 tius,
341 3677 383 3740 ut
399 3667 652 3765 Neoptolemus
661 3663 753 3766 apud
764 3667 933 3748 Ennium,
939 3667 1091 3760 panorm
1114 3676 1192 3738 num
1207 3669 1332 3740 ommno

245 3763 339 3834 haud
354 3767 484 3857 placet.
532 3764 603 3840 Sed
620 3764 834 3840 tamenhaee
861 3775 1007 3838 estmoe
1031 3764 1216 3846 sententia,
1233 3786 1333 3862 quam

245 3859 385 3933 videbar
401 3863 619 3958 exposuisse:
647 3865 722 3960 Ego
744 3861 1201 3958 istastudianon'improbo,
1222 3860 1333 3936 mode·

245 3967 317 4033 rata
332 3957 439 4048 modo
453 3959 550 4046 sint3
574 3963 776 4060 opinionem
788 3962 937 4036 istorum
944 3957 1148 4042 studiorum,
1172 3970 1210 4034 et
1233 3955 1332 4054 suspi-

246 4058 384 4133 clonern
399 4057 534 4134 artificii
550 4061 641 4158 apud
657 4084 729 4142 eos,
750 4060 880 4158 quires
893 4057 1062 4154 judicent.
1079 4059 1204 4132 oratori
1222 4059 1332 4132 adver-

244 4155 365 4242 sariam
377 4181 453 4230 esse
464 4157 631 4246 arbitron
653 4158 828 4236 imminuit
840 4157 937 4235 enlm
952 4165 991 4234 ot
1006 4155 1146 4233 oratoris
1158 4155 1331 4232 auctorita·
1378 4193 1382 4211 ι

106 4237 115 4336 l
244 4265 325 4336 lem,
338 4267 376 4330 et
391 4255 680 4332 crationisfidem.

47 4447 49 4455 Ι
161 4354 195 4374 '⁸
294 4353 499 4428 XXXVIII.
525 4355 606 4437 Sed,
623 4367 660 4431 ut
674 4355 718 4430 eo
734 4365 927 4438 reuocetur,
952 4357 1047 4430 unde
1061 4356 1131 4430 huc
1145 4346 1328 4428 declinarit

246 4449 385 4536 θῐίῑῒῖθὲ
424 4452 595 4532 extribus
612 4453 686 4528 istis
710 4453 903 4536 clarissimis
918 4453 1143 4558 philosophis,
1161 4477 1250 4551 quos
1268 4451 1327 4524 Ro·
1385 4477 1386 4482 ¹
