2830 5014
187 291 246 360 ‘nc
613 272 898 366 naonnrons

188 451 422 537 exstitemnt3
454 445 577 550 qnos⁵
601 475 668 549 ego
692 473 825 524 censor
841 447 957 522 edicto
980 469 1060 520 mcc
1084 443 1306 534 sustuleram,

190 573 261 624 non
275 549 347 646 qud
365 561 421 642 tut
436 549 658 648 nescioquas
678 549 795 624 dicere
815 547 969 636 aiebant)
980 546 1056 631 aeui
1071 541 1304 641 ingenia-ado-

191 647 398 722 lescentium
415 647 554 730 nollem,
571 648 632 722 sed
650 657 772 720 contra
788 643 925 742 ingenia
940 643 1088 716 obtundi
1105 643 1213 722 nolui,
1230 647 1306 713 cor·

188 745 336 819 roborari
362 745 634 844 impudentiam
660 769 739 820 nam
762 745 854 840 apud
871 741 1031 822 Gtaecos,
1056 742 1073 792 ⁶
1095 737 1311 836 cuicuimodi·

81 885 88 898 ·
186 857 319 925 essent,
335 845 490 920 videbam
510 856 627 920 tamen
654 867 742 924 esse,
759 854 889 938 praeter
905 841 995 915 hanc
1019 839 1305 912 exercitationem

186 940 328 1038 linguae,
344 941 534 1016 doctrinam
549 943 697 1042 aliquam
715 943 733 994 ⁷
749 949 787 1013 et
803 939 1052 1014 humanitatem
1079 937 1218 1033 dignam
1242 933 1304 1008 sci·

186 1039 295 1112 entia:
321 1043 384 1114 hos
403 1039 485 1116 verit
502 1065 611 1113 novos
627 1038 810 1138 magistros
836 1037 921 1111 nihil
949 1035 1182 1132 intelligebam
1201 1056 1305 1130 posse

187 1135 329 1218 docere,
346 1137 412 1210 nisi
428 1147 467 1210 ut
482 1138 652 1211 auderent
664 1162 674 1220 ;
698 1137 807 1235 quod,
832 1135 935 1209 etiam
965 1159 1045 1206 cum
1073 1135 1170 1206 bonis
1190 1133 1310 1204 'rebus

187 1233 431 1330 conjunctum,
449 1235 671 1331 perseipsum
682 1243 736 1305 est
747 1257 958 1330 magnopere
971 1231 1192 1328 fugiendum.
1226 1229 1312 1301 Hoc

188 1331 271 1405 edm
295 1354 405 1409 unum
430 1329 629 1412 tradcrcter,
655 1340 693 1404 ct
714 1332 796 1402 cunr
814 1330 1046 1424 impudentiae
1074 1330 1178 1401 ludus
1203 1336 1309 1407 esset,

189 1429 303 1526 putavi
323 1453 400 1502 csse
426 1428 593 1507 censoris,
622 1449 668 1499 ne
696 1426 835 1523 longiis
861 1425 897 1496 id
926 1438 1092 1520 serperet,
1118 1426 1310 1519 providere.

188 1525 415 1628 Quamquam
430 1549 503 1600 non
515 1523 595 1600 haec
611 1524 660 1596 itu
675 1533 792 1596 statuo
807 1533 912 1618 atque
926 1521 1089 1602 decerno,
1108 1522 1125 1572 ⁸
1143 1531 1180 1594 ut
1191 1523 1315 1620 despe

189 1645 264 1698 rem
277 1625 403 1698 Latine
421 1649 472 1705 ea,
489 1623 533 1695 dc
551 1622 679 1720 quibus
694 1621 955 1718 disputavimus,
968 1619 1054 1691 tradi
1070 1645 1111 1694 ec
1127 1620 1317 1718 perpoliri:

188 1721 318 1838 patitur
334 1721 429 1796 enim
455 1736 494 1795 et
515 1721 635 1816 lingua
656 1729 781 1800 nostra,
806 1730 842 1790 ct
866 1728 990 1791 natura
1012 1741 1127 1790 terum
1150 1728 1316 1792 veterem

188 1821 285 1893 illam
299 1819 606 1915 excellentemque
630 1819 850 1916 prudentiam
861 1815 1129 1903 Graecorumad
1146 1825 1312 1888 nostrum

189 1941 295 1992 usum
312 1941 517 2016 moremque
534 1917 733 1998 transferri:
757 1915 821 1987 sed
837 1913 1036 1987 hominibus
1059 1935 1148 2009 opus
1165 1919 1218 1982 est
1235 1915 1316 1985 eru&

190 2013 283 2095 ditis,
309 2016 369 2118 qui
396 2015 510 2092 adhuc
537 2015 576 2084 in
601 2015 668 2086 lroa
687 2013 828 2110 quidem
844 2035 975 2107 genere
993 2011 1104 2082 nostri
1128 2008 1215 2082 nulli
1240 2009 1313 2082 fiac·

191 2121 295 2188 runt:
312 2111 376 2285 dain
394 2110 533 2216 quando
558 2109 771 2192 exstiterint,
796 2109 899 2182 etiam
926 2107 1064 2187 Graecis
1089 2119 1196 2190 crunt
1219 2119 1315 2184 unte·

190 2234 310 2318 ponen
335 2235 356 2286 t.
430 2285 433 2290 ,
1226 2257 1229 2262 -

231 2363 247 2416 5
263 2369 315 2426 ego
329 2347 454 2430 concon]
477 2351 565 2411 Extat
587 2355 642 2412 hcc
656 2338 786 2416 edictum
800 2351 829 2410 in
856 2345 950 2407 Gellii
964 2366 1012 2406 xv.
1030 2353 1074 2406 ll.
1100 2349 1307 2408 contortius

192 2432 394 2487 Ahenobarbus
405 2445 432 2484 ct
447 2431 482 2483 L.
499 2431 628 2488 Licinius
646 2431 769 2486 Croesus
782 2447 910 2487 concerta
921 2431 955 2482 de
970 2433 1137 2486 coercendia
1149 2431 1312 2488 rhetoribus

191 2507 307 2564 latinio
323 2514 363 2562 ita
378 2508 544 2572 edixerunt,
557 2521 612 2565 etc.

231 2587 433 2642 cenicumodi
454 2581 574 2664 caecam]
596 2583 709 2660 Vulgo,
733 2590 784 2658 qai
803 2585 965 2658 cujusmodi
976 2607 987 2644 .·
1018 2586 1152 2648 sednisi
1176 2607 1231 2650 vox
1258 2594 1324 2660 qui·

190 2661 351 2742 rejiciatur,
366 2664 524 2735 cujusmodi
541 2662 610 2723 ierci
633 2681 690 2723 non
705 2677 821 2740 potest:
842 2663 884 2723 sic
897 2666 981 2724 enim
1005 2663 1112 2727 Cicero
1140 2667 1228 2728 utitur
1255 2672 1313 2732 hac
1413 2729 1414 2732 ,

103 2785 107 2792 .
190 2761 273 2813 voce,
293 2743 324 2801 in
338 2745 391 2802 Or.
417 2759 471 2818 pro
496 2742 600 2812 Coelio,
614 2762 639 2800 c.
667 2752 707 2799 ιο.
722 2746 880 2818 cajucomda'
892 2760 987 2802 cutem
1004 2747 1057 2810 cit,
1075 2747 1094 2805 ὰ
1113 2757 1237 2816 certaret
1250 2769 1313 2806 eice

190 2823 361 2898 sejunctum.
401 2822 440 2882 Et
453 2821 482 2879 in
494 2822 548 2898 Ep.
566 2826 602 2882 ad
612 2821 746 2882 Atticum
760 2821 800 2881 iii.
821 2831 861 2880 12.
887 2825 987 2897 Tuque
1000 2830 1038 2884 ad
1051 2844 1093 2881 me
1106 2829 1192 2882 aelim
1218 2833 1315 2885 anemio
1340 2865 1355 2896 c

191 2900 276 2980 quma
290 2899 516 2975 diligentissimi,
530 2903 697 2988 cujusmodi
710 2908 778 2971 aiut,
792 2909 909 2972 acridae,
933 2917 989 2968 etc.
1029 2901 1156 2962 Secutus
1171 2924 1240 2963 sum
1255 2907 1314 2984 igi·
1357 2921 1361 2926 ·

191 2994 244 3042 tun
256 2982 416 3041 lectionem
438 2981 564 3039 Manutil
586 2993 617 3040 ct
639 2981 785 3051 Lambini,
801 3001 864 3041 nam
893 2988 969 3053 ahad
983 2984 1106 3051 Gracco,
1127 2982 1319 3048 cuicuimodi

191 3073 296 3130 errent,
310 3071 366 3119 etc.
409 3061 539 3117 Cuimodi
561 3073 610 3120 aut
631 3067 802 3126 cuicuimodi
814 3063 957 3138 significat
970 3063 1128 3142 cujusmodi
1146 3074 1179 3118 nt
1191 3067 1317 3128 admotis

189 3140 309 3216 ponitur
328 3159 383 3216 pro
404 3144 565 3210 aliusmodi,
589 3154 662 3200 teste
683 3141 779 3201 Festo.
822 3142 974 3208 Victorius
997 3159 1118 3217 semper
1143 3145 1315 3205 cuicuirncdi

190 3220 254 3296 legi
264 3219 354 3279 voluit
377 3233 407 3279 et
418 3237 474 3278 non
486 3221 605 3280 cumtodt
613 3245 626 3289 ,-
646 3220 698 3284 Sic
712 3222 821 3280 Cicero
833 3241 888 3300 pro
898 3219 1005 3280 lloscio
1019 3219 1172 3289 Amerino,
1206 3225 1315 3284 Vereor

157 3368 160 3374 Ι
191 3304 276 3366 enim,
291 3297 469 3359 cuicuimodi
484 3322 525 3369 eo,
541 3304 655 3370 Raram
676 3322 722 3371 ne,
743 3314 799 3360 etc.
814 3303 906 3362 Tnsc.
925 3300 998 3378 disp.
1022 3299 1062 3358 iii.
1077 3301 1128 3360 ult.
1171 3302 1312 3374 Superest

192 3380 266 3434 emim
280 3379 359 3436 nohis
373 3383 434 3445 hoc,
457 3379 635 3438 cuicuimodi
649 3393 701 3450 eat,
716 3385 810 3439 otium.
826 3381 863 3439 ib.
877 3403 903 3440 v.
917 3401 942 3444 c·
956 3383 1022 3442 ultr
1052 3383 1106 3438 Uti
1121 3384 1196 3438 etaim
1210 3387 1312 3444 medua

191 3461 237 3512 ati
244 3465 327 3527 poteo
341 3462 401 3527 hoc,
416 3458 598 3516 cuicuimodi
612 3471 664 3526 eat,
677 3462 730 3520 otia
745 3459 763 3516 i
802 3461 918 3520 Gellius
933 3464 951 3519 l.
966 3469 1018 3521 xx.
1032 3469 1058 3518 2.
1072 3463 1119 3518 Eo
1132 3479 1180 3518 rea
1196 3465 1312 3524 cuimo-

192 3533 223 3592 rii
238 3540 285 3606 ait,
298 3541 338 3595 ad
350 3540 590 3595 considerandum
600 3547 805 3608 proponemus.
857 3541 936 3600 Vide
949 3539 1077 3600 Gronov.
1092 3541 1127 3598 ad
1140 3542 1219 3600 Geli.
1237 3543 1264 3600 ii.
1276 3551 1308 3601 8.

192 3615 364 3704 dcundum
378 3625 531 3677 esttamen
546 3617 614 3676 MS.
631 3617 713 3696 Mag.
727 3631 759 3678 ct
770 3619 838 3684 edit.
857 3621 935 3682 ch.
949 3632 981 3680 ct
999 3620 1119 3680 Mcdlcl.
1132 3622 1246 3692 habere,
1259 3625 1313 3706 qui

193 3695 340 3770 ejusmodi
354 3708 458 3759 eorem.

233 3776 251 3828 7
262 3783 289 3825 et
303 3779 505 3833 humanitatem
516 3779 634 3855 dignam
647 3782 768 3838 orientia
781 3777 811 3858 ,·]
823 3779 936 3856 *Lamo
947 3799 986 3842 cx
1006 3777 1068 3841 suis
1082 3779 1180 3840 Mstis
1195 3781 1266 3860 legit
1279 3799 1312 3844 et

193 3854 369 3918 humanitate
383 3857 496 3926 dignam
506 3862 672 3920 ocimtiamt
694 3860 745 3917 sed
757 3860 829 3918 nihil
844 3873 947 3931 muto;
968 3879 1037 3922 voce
1054 3857 1134 3918 enirn
1149 3866 1314 3922 humanita-

194 3942 251 3992 tem
265 3928 410 4004 significat
424 3935 536 3996 Noster
547 3936 576 3996 id
587 3939 664 4014 quod
683 3939 859 3998 contrarium
881 3952 927 3999 est
945 3942 1127 4011 imprudentia
1135 3964 1148 4008 ,-
1166 3940 1206 4000 ita
1227 3943 1310 4007 enirn

193 4013 284 4102 verba
297 4015 496 4104 humanitatem
508 4027 538 4073 ct
546 4021 710 4079 modestiam
720 4019 831 4094 saepius
839 4019 1009 4097 conjungit3
1030 4020 1076 4078 vcl
1087 4037 1140 4094 per
1149 4024 1313 4082 huniam'to.

194 4099 250 4148 tem
261 4091 425 4162 intelligere
439 4093 533 4166 possis
546 4099 677 4168 leporem,
685 4101 809 4166 politum
821 4102 930 4170 aliquid
940 4099 1003 4160 sive
1012 4117 1121 4156 morum
1129 4104 1313 4166 caetitatem.

234 4178 291 4226 8ut
303 4173 449 4248 desperem
461 4172 566 4232 Latini
576 4194 617 4243 ea,
627 4181 769 4250 dequibus
779 4181 1077 4249 dichutavimuatradi
1087 4183 1309 4268 acherpoh'ric]
1412 4171 1413 4232 l

195 4245 238 4316 Ni
251 4249 342 4320 fallor,
356 4251 399 4309 sic
413 4251 529 4327 scripsit
548 4254 664 4323 Cicero,
677 4271 709 4313 ut
723 4261 988 4334 demerem-tradi
1013 4279 1046 4317 ac
1054 4263 1201 4330 protholici
1212 4277 1312 4340 posse·
1412 4311 1413 4328 ,

196 4325 246 4384 Sic
260 4329 338 4387 certi
354 4332 564 4392 multiseliisin
579 4337 652 4393 locis
665 4337 765 4396 scribit
778 4357 787 4393 r
808 4339 883 4400 utin
899 4338 940 4396 iii.
965 4344 1011 4396 36.
1025 4344 1075 4396 uel
1085 4357 1128 4394 me
1142 4342 1210 4410 licat
1231 4348 1311 4399 exii-
1412 4329 1413 4372 ³

195 4409 277 4464 timec
287 4410 441 4476 deonerare
447 4423 531 4482 horre
540 4419 599 4471 iota
606 4419 771 4484 perdiscere
777 4438 795 4476 ’.·
816 4431 846 4479 et
858 4408 941 4487 mox,
955 4439 1013 4476 mort
1026 4432 1060 4476 ut
1073 4418 1255 4488 desperarem
1266 4439 1312 4477 me
1412 4464 1413 4484 r

195 4488 380 4557 eloquentiam
390 4498 628 4575 conrequijzome·
668 4498 812 4564 Attamen
821 4499 930 4578 Virgil.
944 4498 1012 4567 ΕΒ.
1023 4499 1062 4564 iv,
1077 4503 1122 4562 2⁶.
1136 4497 1186 4571 ait,
1200 4503 1313 4562 ΒΜ
