2808 5020
266 388 319 450 eo
679 345 960 454 subserens

261 529 416 614 offensio,
432 525 487 606 tet
503 529 742 630 negligentiae,
767 534 937 631 susceptis
960 525 1086 620 rebus}
1110 523 1164 606 vel
1179 523 1345 628 perfidiae,

261 627 432 729 receptis:
458 631 634 704 sedetiam
656 633 716 704 illa
731 631 839 727 major
858 632 1035 727 opinione,
1061 630 1159 728 qubd
1175 643 1281 702 neme
1294 645 1346 727 pe-

260 739 331 802 test
343 729 386 801 de
403 747 442 801 ee
454 755 498 810 re,
511 748 616 826 qnam
629 731 818 812 ncnnovit,
836 745 914 800 nen
934 739 1133 824 turpissime
1147 727 1279 802 dicere:
1304 729 1347 799 ila

259 828 344 900 dnm
357 827 494 900 inertiae
506 819 799 924 vituperationem
811 841 895 922 quae
907 825 1017 920 major
1028 837 1093 906 est,
1111 835 1346 898 contemnunt

258 917 1348 1022 assequunturetiamillamquammagisipsilugiunttsrditatis.

259 1023 434 1120 Equidem
450 1024 544 1095 soleo
560 1023 643 1094 dare
659 1041 808 1120 operam,
819 1031 860 1094 ut
873 1022 917 1094 de
930 1045 990 1094 stru
1001 1023 1146 1119 quisque
1158 1045 1196 1094 re
1208 1043 1268 1092 me
1280 1022 1349 1117 ipse

259 1119 385 1192 doceat
398 1132 435 1194 et
450 1131 492 1192 ut
503 1120 630 1216 nequis
646 1121 731 1193 elius
748 1120 847 1202 adsit,
863 1117 936 1218 qub
954 1119 1094 1194 liberitls
1110 1119 1296 1213 loquatur3
1321 1127 1350 1188 et

258 1233 361 1314 agere
377 1217 558 1290 adversarii
573 1235 738 1297 caussam,
761 1227 802 1290 ut
825 1217 882 1289 ille
899 1227 977 1314 agat
993 1213 1101 1298 sulm,
1118 1225 1166 1297 et,
1184 1214 1351 1314 quidquid

258 1313 303 1387 de
321 1337 381 1386 sus
397 1335 433 1386 re
450 1313 619 1410 cogitarit,
635 1310 674 1386 in
685 1313 838 1388 medium
850 1315 1011 1410 proferet.
1061 1314 1281 1410 Itaque-clm
1291 1313 1348 1384 ille

260 1411 429 1492 discessit,
445 1419 516 1482 tres
534 1429 700 1508 personas
709 1432 806 1484 unus
813 1411 971 1486 sustineo
982 1429 1114 1483 summa
1126 1411 1232 1486 aninri
1245 1409 1352 1506 requi-

259 1519 342 1590 tate,
357 1529 478 1589 umam,
493 1507 686 1590 adversarii,
693 1507 827 1605 judicis.
853 1508 928 1592 Qui
945 1505 1208 1591 loeusesttalie
1221 1510 1353 1606 utplus

260 1609 381 1682 habeat
397 1606 600 1703 adjumenti,
614 1610 721 1704 quem
737 1606 961 1686 incommodi,
978 1609 1073 1680 huno
1083 1605 1203 1704 judico
1212 1607 1292 1678 e's'se
1311 1603 1353 1678 di·

258 1705 434 1779 cendum:
460 1706 518 1778 ubi
534 1706 612 1816 plus
623 1703 715 1784 mali,
732 1707 839 1802 qudm
850 1705 931 1778 boni
948 1705 1092 1804 reperio,
1106 1706 1144 1777 id
1171 1713 1291 1776 totum
1318 1704 1355 1774 ab

255 1801 488 1902 judiccatque
504 1801 619 1899 ejicio:
645 1803 693 1876 ita
702 1821 875 1900 assequor,
891 1812 932 1874 ut
942 1803 1178 1898 alioternpore
1190 1800 1351 1897 cogitem,

310 1901 345 1971 id
362 1901 484 1980 dicatu,
511 1911 547 1972 et
572 1901 639 1974 alio
666 1901 796 1974 dicam:
821 1923 904 1996 quse
929 1898 999 1972 duo
1022 1898 1189 1995 plerique,
1213 1897 1351 1995 ingenio

258 1925 352 2076 hbui,
364 1996 469 2068 simul
479 1996 632 2068 faciunt:
658 1997 724 2066 sed
737 1996 833 2068 certe
850 1997 954 2068 iidem
963 1997 1016 2067 illi
1030 1995 1155 2067 metius
1178 1995 1350 2092 aliquanto

257 2093 431 2173 dicerent,
446 2091 476 2165 s'i
491 2092 585 2165 aliud
603 2091 811 2165 sumendum
827 2092 889 2164 sibi
902 2103 1042 2190 tempus
1055 2093 1100 2164 sd
1116 2092 1347 2190 cogitandum,

258 2191 358 2264 aliud
372 2190 417 2262 ad
432 2189 622 2264 meandum
633 2199 805 2288 putarent.
834 2189 927 2264 Cbrn
941 2211 1017 2264 rem
1029 2190 1174 2288 penitus
1188 2213 1349 2266 caussam·

259 2313 331 2387 que
342 2289 502 2386 cognovi,
518 2289 633 2364 statim
649 2288 802 2362 occurrit
816 2287 946 2369 animo,
961 2310 1044 2386 quae
1059 2288 1105 2360 sit
1121 2308 1243 2362 caussa
1254 2288 1349 2363 ambi·
1386 2327 1387 2358 a

259 2388 322 2484 gui
329 2415 339 2471 ;
352 2387 438 2458 nihil
449 2395 505 2458 est
517 2386 721 2482 enim,quod
733 2385 823 2458 inter
838 2385 1002 2458 homines
1013 2387 1222 2484 ambigetur3
1233 2387 1304 2460 sive
1312 2410 1349 2458 er

260 2482 405 2568 erimine
415 2505 534 2555 caussa
549 2491 699 2563 constet,
715 2491 755 2555 ut
765 2481 926 2556 facinoris
940 2509 951 2568 ;
975 2485 1046 2558 sive
1055 2509 1100 2557 ex
1111 2483 1347 2561 controversia

260 2588 303 2658 nt
318 2578 520 2654 hereditatis
532 2608 543 2666 ;
566 2581 637 2653 sive
664 2603 713 2654 exv
735 2581 993 2665 deliberatione,
1023 2592 1064 2658 ut
1087 2583 1167 2657 belli
1178 2613 1190 2671 ;
1213 2585 1287 2657 sive
1310 2603 1347 2654 ex

261 2699 419 2784 persona,
432 2687 472 2752 ut
483 2677 618 2764 laudis;
642 2679 713 2751 sive
724 2701 768 2751 ex
781 2677 1028 2776 disputatione,
1045 2691 1084 2754 ut
1100 2682 1143 2754 dc
1158 2682 1295 2756 ratione
1309 2679 1347 2752 vi·

262 2775 366 2854 rendi
381 2805 392 2862 3
416 2775 453 2848 in
482 2789 554 2873 qtro
581 2801 655 2850 non
672 2787 744 2860 aut,
760 2775 862 2860 Quid
877 2777 1009 2852 fuctum
1032 2780 1088 2860 sit,
1104 2790 1166 2851 eut
1181 2784 1252 2862 fiat,
1269 2781 1349 2853 futu·

262 2898 382 2958 rumve
398 2874 455 2956 sit,
465 2883 656 2971 quaeratur,
666 2884 729 2948 aut
744 2874 861 2958 Quale
874 2876 932 2956 sit,
948 2889 1009 2950 sut
1025 2875 1125 2958 Quid
1137 2888 1292 2950 vocetur.

310 2983 424 3056 XXV.
449 2983 505 3056 Ac
520 2994 654 3059 nostrae
679 2985 751 3062 iere
769 3007 912 3065 caussae,
937 3005 1019 3081 quse
1037 2983 1176 3080 quidem
1191 2993 1277 3057 sunt
1294 2982 1346 3059 cri·
1383 3031 1384 3046 2

261 3083 397 3157 minum
412 3083 626 3180 plerumque,
651 3081 860 3158 infitiatione
874 3081 1129 3156 defenduntur:
1154 3105 1237 3154 nam
1258 3081 1345 3155 etde

262 3181 421 3278 pecuniis
449 3181 663 3280 repetundis,
686 3204 769 3280 quae
796 3180 950 3254 miximte
977 3189 1069 3263 sunt,
1094 3181 1255 3277 neganda
1282 3180 1343 3252 fere

263 3289 348 3351 sunt
363 3279 496 3352 omnia:
522 3291 560 3352 et
574 3279 620 3352 de
634 3277 849 3372 antisorano
868 3277 955 3351 illud
968 3278 1080 3360 datur,
1097 3287 1138 3352 ut
1155 3279 1265 3377 possis
1277 3277 1345 3349 libe·

261 3377 437 3450 utilitatem
452 3403 492 3449 ac
510 3377 763 3472 benignitatem
779 3379 822 3449 ab
840 3378 972 3451 ambitu
986 3386 1091 3474 atquc
1106 3378 1288 3474 largitione
1302 3395 1344 3476 se

259 3477 429 3572 jungere:
454 3474 499 3546 de
516 3474 655 3555 sicariis,
681 3475 725 3547 de
749 3477 936 3558 veneficiis,
960 3476 1189 3574 depeculata
1216 3471 1344 3546 infitias

262 3596 406 3644 necesse
422 3579 489 3644 est.
539 3567 583 3642 ld
598 3579 650 3642 est
665 3571 772 3670 igitur
786 3595 899 3670 genus
917 3573 1066 3675 primum
1082 3593 1288 3649 caussarum,
1310 3566 1342 3636 in

258 3669 398 3764 judiciis
411 3695 455 3741 ex
468 3669 700 3742 controversia
711 3671 822 3744 Facti:
848 3670 884 3742 in
895 3669 1199 3748 deliberationibus
1211 3671 1345 3767 plerum·

262 3789 332 3862 que
345 3789 388 3836 err
400 3767 543 3840 Fuluri:
569 3765 648 3840 rsrb
659 3768 762 3842 etiam
773 3793 817 3840 ex
828 3768 1083 3850 luctaminum
1095 3769 1202 3840 Facti.
1252 3767 1343 3858 Soepe

262 3870 380 3934 autem
396 3887 451 3936 res
468 3889 553 3946 non,
569 3865 633 3947 Sit,
649 3889 774 3948 necue,
792 3867 855 3938 sed
871 3865 997 3948 Qualis
1015 3865 1070 3947 sit,
1087 3866 1278 3962 quaeritur,
1299 3865 1343 3932 ub

165 4011 169 4014 -
263 3960 346 4062 oiim
358 3961 401 4034 L.
419 3963 546 4060 Opimii
561 3989 714 4038 caussam
731 3965 940 4037 defendebat
956 3965 1049 4062 apud
1064 3966 1240 4062 populum,
1262 3953 1343 4031 audi·
1379 3895 1381 4048 i

255 4066 345 4134 'ente
359 4072 429 4143 me,
441 4061 484 4134 C.
497 4062 609 4135 Carbo
624 4063 762 4144 consul,
779 4061 867 4135 nihil
878 4061 976 4135 deC.
989 4060 1138 4137 Gracchi
1153 4087 1241 4136 nece
1255 4075 1343 4148 nega·
1378 4055 1380 4140 l

265 4163 352 4245 bata
375 4161 437 4232 sed
452 4159 488 4232 id
500 4160 579 4256 jure
596 4185 659 4260 pro
673 4162 786 4234 salute
810 4160 928 4258 patriae
952 4160 1083 4234 factum
1103 4185 1180 4234 esse
1195 4157 1343 4236 dicebam

120 4312 125 4320 .
265 4271 307 4330 ut
321 4257 434 4330 cidem
449 4259 600 4332 Carboni
616 4259 758 4332 tribuno
783 4257 906 4355 plebis,
936 4259 1003 4331 alis
1017 4267 1091 4332 tum
1109 4269 1229 4333 mente
1254 4253 1342 4325 Ren-

265 4355 433 4450 publicum
450 4357 655 4456 capessenti,
671 4359 708 4429 P.
721 4356 908 4432 Africanus
919 4357 961 4430 de
973 4357 1052 4430 Tib.
1071 4353 1240 4431 Graccho
1251 4353 1342 4423 inter·

266 4455 398 4548 roganti
438 4455 676 4555 responderat,
700 4455 778 4552 jure
804 4479 938 4530 coesum
959 4453 1091 4530 videri:
1117 4531 1119 4536 ,
1123 4453 1201 4549 jure
1232 4455 1341 4526 cutem

1374 4853 1377 4955 l
