2854 5016
392 329 395 338 ³
494 371 741 457 7sIBER·.1.,ts·
1122 379 1154 431 rr

85 521 506 620 etgraves„quibmeum
530 522 591 595 tibi
608 519 747 616 tituto
762 525 984 596 aeramento
1005 526 1156 596 'cohme
1251 607 1254 620 y

84 619 170 695 dere
186 643 269 696 non.
287 622 423 696 liceret.
474 617 656 714 Urgerent
683 625 855 712 praterea
875 619 1157 716 philosophorum

82 742 219 830 greges,
241 719 317 814 jam
330 715 448 792 abillo
463 715 561 788 fonte
580 724 619 793 ct
636 715 753 813 capite
774 714 936 790 Socrate:
961 717 1050 792 nihil
1061 728 1096 792 te
1112 719 1157 792 dc

81 817 186 894 bosus
208 819 309 891 rebus
320 815 358 886 in
374 813 456 896 uita,
483 813 572 888 nihil
590 813 633 888 de
649 812 763 894 malis,
787 813 878 886 nihil
900 813 944 888 de
959 817 1067 894 animi
1082 842 1157 915 per·

5 935 7 940 ’
82 913 313 996 motionibus,
336 913 425 986 nihil
439 913 498 989 ,dc
527 911 892 1008 hominunmoribus,
916 913 1007 988 nihil
1032 916 1078 990 de
1104 941 1157 992 rso

79 1011 181 1089 tione
198 1013 279 1086 vitae
295 1011 469 1093 didicisse,
494 1011 582 1084 nihil
598 1012 746 1098 omnino
759 1011 940 1104 quaesisse,
966 1011 1054 1086 nihil
1068 1014 1158 1088 scire

79 1111 435 1194 convincerent3'el,
459 1111 542 1184 cirm
559 1109 714 1182 uniuersi
735 1109 774 1182 in
800 1121 837 1184 te
863 1110 1034 1210 impetun]
1060 1112 1159 1204 seis

81 1219 177 1291 sent,
212 1220 290 1282 tum
321 1209 473 1307 singulae
507 1209 652 1283 familiae
686 1207 785 1282 litem
818 1203 879 1284 tibi
917 1209 1158 1287 intenderent

79 1309 242 1392 Instaret
257 1307 463 1390 Academia,
486 1329 583 1400 quae,
599 1305 764 1400 quicquid
778 1307 931 1391 dixisses,
958 1309 995 1382 id
1009 1309 1162 1407 teipsum

80 1405 172 1488 scire
188 1417 354 1506 negaret:
368 1394 478 1482 'Stoici
496 1405 579 1482 verb
591 1407 704 1506 nostri
722 1407 1003 1520 disputationum
1017 1431 1161 1508 suarius

79 1515 189 1597 atque
204 1505 524 1604 interrogationum
550 1507 689 1598 laqueis
716 1516 753 1579 te
778 1508 953 1582 irretitum
972 1514 1160 1584 tenereatz

77 1603 303 1700 Peripatetici
320 1617 444 1680 autem
457 1607 566 1682 etiarn
583 1607 663 1680 haec
686 1603 774 1704 ipsa,
797 1601 814 1651 2
830 1626 913 1698 quse
930 1604 1070 1703 propria
1086 1625 1161 1675 orc-

77 1710 197 1775 torum
216 1711 389 1802 putasses,
413 1705 625 1801 adjumenta
649 1713 756 1798 atque
781 1712 994 1778 ornamenta
1020 1701 1160 1776 dicendi

76 1801 125 1872 ab
141 1823 180 1872 se
195 1802 268 1898 peti
296 1804 485 1876 uincerent
500 1815 679 1900 oporterc;
703 1827 750 1874 ac
777 1827 851 1872 non
874 1799 990 1870 sohlrn
1006 1800 1162 1879 meliora,

76 1899 147 1968 sed
162 1899 276 1976 etiam
298 1901 416 1986 multo
430 1901 535 1993 plura
550 1897 777 1982 Aristotelem
805 1893 1162 1985 Theophrastumque

75 1995 126 2071 de
140 1994 201 2068 his
213 1995 325 2072 rebus,
348 1995 457 2080 quam
474 2009 598 2062 omnes
615 1986 763 2060 ‘dicendi
778 1987 965 2097 magistros
983 1990 1161 2088 scripsisse

75 2088 321 2164 ostenderent.
373 2085 504 2160 Missos
520 2085 612 2159 facio
638 2085 926 2167 Mathematicus,
951 2085 1162 2164 Grammati-

78 2211 154 2269 cos,
180 2186 351 2266 Musicos,
374 2207 525 2276 quorum
552 2185 686 2258 artibus
712 2192 829 2256 uestra
849 2183 921 2258 ista
945 2183 1093 2277 dicendi
1110 2187 1160 2262 vis

76 2279 129 2359 ire
144 2275 293 2360 minima
307 2283 449 2376 quidem
475 2281 682 2358 societates
714 2281 951 2378 conjungitur.
1001 2284 1161 2368 Quamo-

75 2387 177 2464 brem
193 2384 263 2456 ista
279 2391 545 2476 taneramque
564 2381 678 2457 multa
694 2381 906 2478 profitenda,
931 2379 1074 2464 Crasse,
1086 2407 1164 2460 non

77 2505 229 2559 causeo:
266 2481 352 2556 satis
379 2479 487 2556 idest
512 2507 694 2580 maguum,
717 2479 812 2573 quod
827 2479 845 2528 ⁴
859 2489 961 2580 potes
978 2490 1161 2580 praestare,

77 2594 121 2656 ut
136 2583 174 2654 in
187 2581 325 2680 judiciis
351 2605 396 2654 ca
412 2602 550 2663 caussa,
574 2579 832 2674 quamcumque
849 2589 890 2651 tu
915 2580 1013 2662 dicis,
1038 2583 1163 2672 melior

77 2691 117 2753 et
134 2679 346 2784 probabilior
363 2703 441 2752 esse
458 2680 642 2753 videatur:
668 2689 709 2751 ut
726 2670 763 2750 in
781 2679 1012 2752 concionibus
1028 2691 1066 2752 et
1080 2705 1161 2752 sen·

76 2777 207 2852 tentiis,
219 2769 378 2852 dicendis
394 2777 441 2854 ad
456 2777 745 2876 persuadendum
763 2784 825 2852 tua
842 2775 1028 2874 plurimum
1044 2777 1164 2852 ualeat

78 2876 215 2952 oratio:
242 2874 392 2969 denique
420 2889 461 2952 ut
486 2877 720 2976 prudentibus
746 2873 893 2956 diserte,
917 2873 1034 2948 stultis
1052 2876 1165 2949 etiarn

79 2976 160 3048 vere
179 2974 294 3047 dicere
310 2975 466 3048 videaris.
516 2977 596 3050 Hoc
613 2974 765 3072 amplius
783 2974 812 3046 si
828 2973 912 3066 quid
926 2973 1067 3072 poteris,
1086 2997 1164 3048 nou

80 3071 116 3158 id
129 3074 215 3148 mihi
241 3071 412 3146 videbitur
430 3087 558 3156 orator,
583 3075 646 3148 sed
660 3075 810 3146 Crassus
834 3097 901 3146 sua
916 3071 1073 3163 quadarn
1089 3093 1176 3166 pro,

78 3172 165 3268 pria,
191 3173 269 3244 non
286 3175 466 3246 communi
492 3183 670 3250 oratorum
687 3173 861 3246 facultate
878 3189 992 3262 posse·

124 3372 137 3424 l
152 3366 236 3439 jacto
260 3361 752 3443 sacramento]i.e.salvtpacunit
773 3361 852 3439 apud
860 3359 1036 3422 Pontificem
1045 3363 1164 3442 deposi-

80 3446 120 3518 ti,
134 3457 178 3514 ut,
192 3441 246 3519 qui
260 3442 492 3513 oaushcadcrct,
504 3459 573 3505 cam
584 3444 744 3502 amitteret.
1155 3443 1161 3452 '

122 3529 139 3580 2
161 3525 345 3599 preproptr'a
360 3538 502 3582 oratorum
510 3521 669 3664 putasscsx]
679 3522 783 3601 Vulgo
793 3531 881 3594 status
895 3541 955 3582 asse
968 3546 977 3594 ς
997 3523 1053 3582 ssd
1064 3535 1165 3586 nostr}

81 3603 172 3664 lectio
185 3614 266 3662 extat
279 3603 311 3660 in
324 3601 425 3662 Mstis
439 3604 521 3662 Joau.
532 3601 628 3664 Gonu.
670 3604 724 3664 orf.
736 3605 819 3680 Mag.
827 3616 860 3662 ct
871 3603 955 3661 Harl.
975 3614 997 3660 t.
1007 3615 1040 3662 et
1050 3603 1082 3662 in
1089 3605 1164 3667 edin

82 3685 187 3744 hauh,
201 3695 233 3742 ct
243 3685 278 3742 C.
294 3682 456 3758 Stephani:
477 3696 579 3742 veram
589 3699 691 3750 autem
704 3703 774 3744 esse
787 3685 912 3760 probant
923 3683 1015 3744 verba
1026 3687 1165 3763 superio-⁴

83 3783 124 3832 ra,
138 3765 267 3822 instaret
278 3763 441 3833 Academia,
456 3785 511 3836 qua
526 3769 660 3839 quicquid
672 3765 814 3836 dixisses,
828 3775 887 3822 etc.
942 3795 945 3802 ·
1155 3791 1164 3804 ,.

128 3835 367 3922 Scunjuugitur]
383 3845 427 3902 Ita
437 3862 543 3903 omncs
557 3845 619 3903 mei
636 3845 727 3916 Msri,
738 3863 795 3906 uec
804 3843 892 3902 aliter
900 3841 975 3902 Asc,
986 3845 1089 3906 Lsmb
1097 3849 1164 3910 alii·

84 3942 145 4000 quc
160 3922 332 3992 ediderunt:
353 3923 448 4002 vulgo
462 3924 575 4001 legitur
584 3927 777 4000 contingitur.-
797 3925 859 3994 scd,
871 3921 941 3982 chm
955 3927 1072 4002 saepius
1082 3931 1163 4004 apud

84 4003 268 4064 Ciceronem
276 4001 406 4064 occurrit
418 4009 550 4062 societate
557 4007 700 4084 conjungi,
708 4022 855 4080 nusquam
868 4005 1018 4078 reperitur
1031 4019 1090 4066 rost
1099 4027 1164 4066 ceu·

86 4087 161 4158 tingi
180 4081 286 4159 juncta
307 4082 375 4142 uoci
393 4086 533 4154 scrutate,
556 4087 603 4144 vel
629 4084 779 4163 ejusmodi
801 4083 1026 4161 significationis
1039 4084 1166 4143 nemini·
1276 4129 1277 4134 1

85 4162 247 4239 Legimus,
261 4161 362 4230 fateor,
375 4183 432 4223 nou
445 4163 512 4222 raro
527 4170 697 4240 contingere,
722 4165 776 4224 sed
789 4167 845 4226 hoc
857 4163 940 4224 idem
953 4167 1031 4224 valet
1053 4181 1088 4222 ac
1101 4177 1163 4222 ιαπ-
1266 4170 1270 4174 “

84 4261 162 4314 gerr,
177 4259 361 4318 sensumque
377 4246 463 4303 habet
472 4245 544 4304 huic
557 4247 623 4303 loco
637 4262 746 4320 parum
759 4246 963 4304 commodum.

126 4319 257 4402 stiores]
283 4323 367 4382 MSti
388 4323 449 4382 ieri
471 4323 608 4384 universi
622 4327 900 4398 hahentastesrme.
925 4322 1035 4383 dicandi
1055 4325 1111 4394 uta,
1123 4324 1162 4384 dc

87 4399 146 4478 qut
159 4403 278 4464 locutus
291 4417 340 4464 est
355 4403 488 4467 Scaerols
501 4405 531 4463 iu
545 4406 728 4482 praecedenti
743 4403 897 4466 sententia
959 4471 961 4488 Ι
