2854 5016
500 364 671 432 munau
692 373 736 425 Ἡ.
1131 355 1167 424 tl

79 533 83 540 ’
104 515 183 590 turn
196 525 354 614 ‘augrmu
379 513 592 608 conjectura,
614 523 812 609 quantaque
828 513 964 612 ingenia
979 514 1018 588 in
1033 515 1173 588 'nouis

104 615 310 688 hominibus
338 637 416 684 esse
444 609 568 692 video,
589 633 667 685 non
707 609 852 708 despero
880 613 985 686 ⁴fore
1018 613 1174 711 aliquem

102 713 307 810 aliquando,-
336 709 394 804 qui
424 716 461 780 et
493 707 611 796 studio
644 707 786 788 acriore,
816 712 926 806 quam
959 735 1024 784 nos
1051 733 1172 784 sumus

103 819 214 906 atque
231 810 369 888 fannus,
385 815 423 894 et
435 807 557 878 otioac
569 806 734 878 facultate
746 805 907 880 discendi
919 808 1041 902 majore
1054 833 1094 882 uc
1105 831 1174 881 ma·

102 911 246 987 tutiore,
272 914 308 977 ct
324 906 444 977 labore
467 917 575 1002 atque
588 903 759 977 industria
776 906 966 1002 superiore,
985 908 1118 982 cirrose
1129 904 1175 978 ad

104 1001 839 1100 audiendum'legendumscribendumque
851 1003 1034 1085 dediderit,
1055 1003 1177 1078 existat

103 1103 183 1176 talis
200 1111 329 1198 orator,
346 1100 482 1198 qualem
495 1100 708 1198 quaerimus:
734 1103 794 1198 qui
813 1103 894 1200 jure
911 1127 987 1176 non
999 1101 1112 1177 sellun
1129 1101 1175 1176 dl

98 1211 230 1281 sertam,
250 1199 429 1273 sedetiam
443 1199 614 1295 eloquens
627 1199 704 1274 ,dici
719 1201 848 1299 possit;
873 1201 933 1300 qui
958 1198 1077 1284 taimen
1099 1225 1177 1274 mea

23 1353 24 1360 κ
92 1298 284 1370 vsententia
295 1307 355 1371 aut
371 1298 428 1372 hic
444 1307 497 1370 est
508 1299 579 1396 jam
592 1298 747 1382 Crassus,
758 1308 831 1382 aut,
849 1299 969 1398 siquis
988 1299 1059 1398 pari
1070 1298 1178 1374 fuerit

104 1395 260 1492 ingenie,
275 1396 455 1494 pluraque,
472 1401 578 1493 quam
594 1397 661 1478 hic,
678 1409 716 1470 et
730 1398 880 1472 audierit
895 1409 932 1471 et
954 1397 1120 1473 lectitarit
1139 1404 1178 1466 et

104 1494 293 1590 scripserit,
307 1495 448 1592 paulum
461 1495 542 1568 huic
564 1495 698 1593 aliquid
711 1497 841 1594 poterit
852 1495 988 1569 addere.
1037 1491 1179 1568 Hoclo-

103 1615 151 1664 co
162 1592 345 1690 Sulpitius,
357 1595 556 1692 Insperanti
566 1593 663 1676 mihi,
675 1593 801 1692 inquit,
814 1603 850 1667 et
860 1593 994 1676 Cotrae,
1007 1592 1070 1666 sed
1082 1590 1179 1664 valde

105 1691 247 1786 optanti
261 1691 400 1789 utrique
414 1691 723 1774 nostrfimcecidit,
737 1693 954 1766 utinistum
969 1713 1179 1767 sermonem,
1231 1749 1242 1758 .
1356 1703 1365 1722 ·

105 1787 247 1868 Crasse,
275 1790 546 1862 delaberemini:
582 1789 683 1860 nobis
702 1791 799 1858 enim
810 1790 880 1858 huc
895 1787 1181 1881 venientibus‘ju·

107 1886 273 1956 cundum
285 1885 367 1956 satis
382 1885 457 1956 fore
473 1883 664 1964 videbatur,
687 1883 727 1960 si,
750 1883 833 1952 crim
849 1907 910 1966 uos
924 1883 969 1952 de
990 1885 1093 1954 rebus
1108 1882 1181 1956 aliis

101 1980 352 2077 loqueremini,
368 1985 490 2048 tumen
504 1997 570 2054 nos
586 1973 716 2072 aliquid
732 1999 778 2048 ex
799 2000 959 2051 sermone
974 1978 1097 2054 vestre
1110 2005 1181 2054 me·

107 2076 219 2152 moria
230 2075 377 2172 dignum
393 2073 554 2172 excipere
570 2097 771 2171 possemus:
798 2087 841 2150 ut
864 2076 947 2150 verli
978 2079 1118 2174 penitus
1141 2080 1179 2153 in

112 2201 190 2249 earn
205 2175 311 2272 ipsam
328 2173 440 2247 totius
453 2173 555 2270 hujus
566 2173 622 2244 vel
635 2173 752 2254 studii,
766 2174 821 2245 vel
833 2175 980 2257 artificii,
997 2177 1050 2248 vel
1074 2177 1181 2249 facul-

109 2273 191 2346 tatis
202 2271 477 2369 disputationem
498 2293 603 2367 paene
627 2270 786 2344 intimam
802 2267 975 2354 veniretis,
992 2273 1048 2344 vix
1063 2285 1182 2371 optan-

109 2373 196 2446 dum
220 2371 321 2444 nobis
334 2369 530 2443 videbatur:
558 2371 753 2465 Egoenim,
778 2369 840 2468 qui
857 2373 899 2444 ab
915 2371 1182 2446 inermteaetate

22 2525 23 2528 ,
110 2471 279 2544 incensus
304 2490 415 2543 essem
426 2468 542 2542 studio
567 2467 749 2566 utriusque
770 2468 937 2552 vestrum,
966 2467 1081 2544 Crassi
1098 2469 1180 2545 veri)

110 2569 221 2642 etiam
232 2589 359 2649 amore,
375 2567 459 2641 olrm
484 2570 527 2640 ab
542 2591 585 2638 eo
601 2591 776 2664 nusquam
789 2567 1016 2650 discederem,
1039 2571 1182 2643 verbum

110 2689 157 2739 cx
171 2691 214 2737 eo
224 2679 420 2762 numquam
433 2663 558 2738 elicere
569 2666 666 2760 potui
683 2667 754 2737 ⁵de
767 2665 819 2737 via
828 2693 869 2741 ac
883 2667 1016 2738 ratione
1029 2667 1182 2747 dicendi,

112 2764 195 2838 cum
216 2771 252 2834 et
264 2787 328 2861 per
342 2772 476 2854 memet
487 2763 600 2860 ipsum
617 2763 775 2860 egissem,
789 2773 823 2835 et
834 2789 897 2862 per
912 2767 1068 2836 Drusum
1087 2787 1183 2861 saepe

111 2871 327 2936 tentassem:
352 2887 424 2958 quo
440 2861 478 2933 in
499 2885 641 2959 genere,
671 2871 722 2945 tu,
752 2862 901 2944 Antoni,
918 2862 1029 2956 (vere
1046 2862 1182 2960 loquar)

112 2985 305 3058 numquam
321 2961 405 3034 mihi
420 2962 668 3060 percunctanti
684 2971 747 3036 aut
770 2961 948 3060 quaerenti
971 2961 1103 3056 aliquid
1128 2962 1185 3032 de-

112 3059 218 3141 fuisti,
235 3071 275 3134 et
290 3081 447 3158 persaepe
459 3083 527 3140 me,
545 3083 629 3155 quae
642 3061 772 3134 soleres
784 3060 983 3134 indicendo
992 3059 1184 3138 observare,

112 3157 274 3230 docuisti.
324 3159 433 3230 Nunc
463 3158 628 3254 quoniam
655 3169 806 3252 uterque
837 3153 994 3225 vestrum
1022 3155 1185 3250 patefecit

112 3276 235 3332 earum
251 3276 366 3326 rermn
376 3257 527 3350 ipsarum
540 3256 683 3331 aditum,
695 3275 782 3345 quas
798 3250 997 3347 quaerimus,
1010 3259 1045 3323 et
1062 3253 1185 3349 quoni-

113 3377 169 3424 am
196 3349 365 3447 princeps
386 3351 530 3420 Crassus
547 3349 622 3443 ejus
642 3348 812 3421 sermonis
824 3347 990 3421 ¹ordiendi
1008 3349 1089 3432 fuit,
1105 3353 1185 3424 date

113 3447 216 3525 nobis
239 3446 494 3528 beneventan,
516 3455 558 3518 ut
575 3471 625 3529 ea,
643 3470 726 3546 quae
739 3447 879 3520 sentitis
889 3448 932 3520 de
945 3447 1040 3520 omni
1052 3473 1183 3546 genere

140 3671 173 3720 -4
185 3665 250 3732 fore
262 3663 381 3736 aliquem
404 3658 581 3740 aliquanda]
603 3660 732 3722 Videtur
754 3661 806 3721 hlc
820 3663 928 3722 Cicero
942 3663 1025 3722 adse
1045 3657 1110 3739 ipse
1124 3685 1184 3725 res-

117 3743 261 3822 pexisse;
281 3743 317 3800 de
331 3761 391 3818 quo
404 3741 444 3800 ita
461 3740 677 3812 Quinctilianus
700 3745 769 3808 Inst.
784 3745 838 3802 Or.
854 3763 882 3800 x.
899 3751 921 3798 l.
952 3747 1028 3806 ,noa
1047 3748 1186 3808 immerita

115 3827 149 3880 ab
164 3820 316 3878 hominibus
341 3826 427 3880 aratia
441 3839 496 3876 auae
510 3841 636 3896 regerere
648 3825 804 3897 injusticiis
818 3826 908 3896 dictur
921 3835 984 3880 est:
1003 3829 1081 3896 opud
1087 3834 1187 3895 ficare-

115 3921 164 3961 roa
177 3900 247 3959 verb
259 3903 291 3955 id
298 3916 468 3970 consecutus,
482 3915 514 3958 ut
529 3902 636 3961 Cicero
638 3907 703 3978 jam
712 3921 765 3959 non
774 3905 902 3978 hominia,
912 3907 963 3960 aed
972 3908 1129 3978 eloquenti-a
1138 3923 1186 3958 no-

116 4001 180 4040 men
193 3982 337 4038 habeatur.
377 3983 434 4041 Ille'
443 3985 634 4054 aeterrffeciaaa
643 3987 722 4048 aciat,
732 3985 776 4038 cui
786 3981 893 4042 Cicero
901 3985 983 4039 valde
990 3987 1122 4054 placebit.

157 4070 173 4117 5
189 4065 224 4118 de
234 4060 582 4142 viscerationeclirenda]
592 4065 636 4121 lta
646 4061 708 4119 MS¹
716 4059 809 4119 Gonv.
820 4075 851 4122 et
861 4063 901 4121 ita
910 4060 1002 4121 edidit
1013 4057 1183 4119 Manutius:

119 4142 176 4198 hcc
189 4139 280 4198 etiam
295 4139 387 4198 voluit
409 4139 593 4202 Gulielmius
608 4141 716 4218 potius,
738 4141 829 4222 qutun
848 4145 1001 4219 vulgatum
1023 4139 1095 4232 illqd
1109 4139 1141 4192 vi
1153 4159 1186 4196 ac

121 4223 236 4279 melone.
278 4219 330 4277 Sic
340 4219 371 4276 in
380 4237 406 4277 c.
426 4227 467 4277 19.
481 4239 515 4278 ne
528 4225 599 4280 hanc
611 4222 721 4296 quidem
729 4230 819 4290 msam
833 4225 943 4286 dicendi
952 4218 1092 4278 rationem
1101 4233 1135 4274 ac
1144 4219 1187 4278 vi·

121 4316 170 4358 am
182 4319 284 4358 norae:
303 4319 329 4358 c.
342 4305 391 4356 25.
405 4319 460 4358 non
474 4300 617 4368 werram
634 4305 744 4379 dicendi
757 4314 788 4361 et
799 4301 887 4370 viam,
901 4303 952 4356 aed
962 4308 1094 4354 naturam
1108 4303 1187 4372 desu-

122 4382 186 4438 irse.
226 4381 266 4438 Et
277 4379 316 4440 iii.
335 4387 380 4438 36.
395 4383 530 4452 serapim
543 4381 613 4452 vias,
628 4383 817 4458 ration-caque¹
830 4379 1000 4451 disputandi.
