<?xml version="1.0" encoding="UTF-8"?>
<!DOCTYPE html PUBLIC "-//W3C//DTD XHTML 1.0 Transitional//EN"
    "http://www.w3.org/TR/xhtml1/DTD/xhtml1-transitional.dtd">
<html xmlns="http://www.w3.org/1999/xhtml" xml:lang="en" lang="en">
 <head>
  <title>
</title>
<meta http-equiv="Content-Type" content="text/html;charset=utf-8" />
  <meta name='ocr-system' content='tesseract 3.04.00' />
  <meta name='ocr-capabilities' content='ocr_page ocr_carea ocr_par ocr_line ocrx_word'/>
</head>
<body>
  <div class='ocr_page' id='page_1' title='image "./mtulliiciceroni00peargoog_0076.png"; bbox 0 0 2854 5016; ppageno 0'>
   <div class='ocr_carea' id='block_1_1' title="bbox 260 351 928 470">
    <p class='ocr_par' dir='ltr' id='par_1_1' title="bbox 260 351 928 470">
     <span class='ocr_line' id='line_1_1' title="bbox 260 351 928 470; baseline -0.009 0"><span class='ocrx_word' id='word_1_1' title='bbox 260 413 298 470; x_wconf 79' lang='lat' dir='ltr'>ao</span> <span class='ocrx_word' id='word_1_2' title='bbox 646 351 928 466; x_wconf 74' lang='lat' dir='ltr'>nuomromr</span> 
     </span>
    </p>
   </div>
   <div class='ocr_carea' id='block_1_2' title="bbox 261 543 1326 844">
    <p class='ocr_par' dir='ltr' id='par_1_2' title="bbox 261 543 1326 844">
     <span class='ocr_line' id='line_1_2' title="bbox 262 543 1323 650; baseline -0.009 -24"><span class='ocrx_word' id='word_1_3' title='bbox 262 553 384 634; x_wconf 87' lang='lat' dir='ltr'>nisset,</span> <span class='ocrx_word' id='word_1_4' title='bbox 410 552 491 628; x_wconf 79' lang='lat' dir='ltr'>ciam</span> <span class='ocrx_word' id='word_1_5' title='bbox 508 575 652 626; x_wconf 86' lang='lat' dir='ltr'>uxorem</span> <span class='ocrx_word' id='word_1_6' title='bbox 668 557 911 650; x_wconf 67' lang='lat' dir='ltr'>praegnantem</span> <span class='ocrx_word' id='word_1_7' title='bbox 926 545 964 621; x_wconf 89' lang='lat' dir='ltr'>in</span> <span class='ocrx_word' id='word_1_8' title='bbox 977 545 1151 644; x_wconf 82' lang='lat' dir='ltr'>provincia</span> <span class='ocrx_word' id='word_1_9' title='bbox 1165 543 1323 642; x_wconf 85' lang='lat' dir='ltr'>reliquis-</span> 
     </span>
     <span class='ocr_line' id='line_1_3' title="bbox 262 641 1323 747; baseline -0.008 -25"><span class='ocrx_word' id='word_1_10' title='bbox 262 661 325 732; x_wconf 89' lang='lat' dir='ltr'>set,</span> <span class='ocrx_word' id='word_1_11' title='bbox 352 651 543 747; x_wconf 84' lang='lat' dir='ltr'>Romaeque</span> <span class='ocrx_word' id='word_1_12' title='bbox 561 650 707 722; x_wconf 87' lang='lat' dir='ltr'>alteram</span> <span class='ocrx_word' id='word_1_13' title='bbox 725 647 896 725; x_wconf 81' lang='lat' dir='ltr'>duxisset,</span> <span class='ocrx_word' id='word_1_14' title='bbox 907 669 1024 740; x_wconf 89' lang='lat' dir='ltr'>neque</span> <span class='ocrx_word' id='word_1_15' title='bbox 1038 645 1202 718; x_wconf 90' lang='lat' dir='ltr'>nuntium</span> <span class='ocrx_word' id='word_1_16' title='bbox 1218 641 1323 739; x_wconf 86' lang='lat' dir='ltr'>priori</span> 
     </span>
     <span class='ocr_line' id='line_1_4' title="bbox 261 738 1326 844; baseline -0.008 -24"><span class='ocrx_word' id='word_1_17' title='bbox 261 747 459 830; x_wconf 72' lang='lat' dir='ltr'>remisisset,</span> <span class='ocrx_word' id='word_1_18' title='bbox 488 758 716 844; x_wconf 87' lang='lat' dir='ltr'>mortuusque</span> <span class='ocrx_word' id='word_1_19' title='bbox 734 753 828 816; x_wconf 89' lang='lat' dir='ltr'>esset</span> <span class='ocrx_word' id='word_1_20' title='bbox 843 738 1026 822; x_wconf 71' lang='lat' dir='ltr'>intestata,</span> <span class='ocrx_word' id='word_1_21' title='bbox 1055 753 1091 814; x_wconf 91' lang='lat' dir='ltr'>et</span> <span class='ocrx_word' id='word_1_22' title='bbox 1117 767 1161 816; x_wconf 84' lang='lat' dir='ltr'>ex</span> <span class='ocrx_word' id='word_1_23' title='bbox 1176 750 1326 836; x_wconf 82' lang='lat' dir='ltr'>utraque</span> 
     </span>
    </p>
   </div>
   <div class='ocr_carea' id='block_1_3' title="bbox 152 837 1325 926">
    <p class='ocr_par' dir='ltr' id='par_1_3' title="bbox 152 837 1325 926">
     <span class='ocr_line' id='line_1_5' title="bbox 152 837 1325 926; baseline -0.01 -5"><span class='ocrx_word' id='word_1_24' title='bbox 152 879 155 884; x_wconf 56' lang='lat'><em>¹</em></span> <span class='ocrx_word' id='word_1_25' title='bbox 262 847 357 920; x_wconf 87' lang='lat' dir='ltr'>filius</span> <span class='ocrx_word' id='word_1_26' title='bbox 376 857 480 920; x_wconf 89' lang='lat' dir='ltr'>natus</span> <span class='ocrx_word' id='word_1_27' title='bbox 497 857 601 926; x_wconf 86' lang='lat' dir='ltr'>esset,</span> <span class='ocrx_word' id='word_1_28' title='bbox 619 841 847 919; x_wconf 82' lang='lat' dir='ltr'>mediocrisne</span> <span class='ocrx_word' id='word_1_29' title='bbox 859 863 913 912; x_wconf 88' lang='lat' dir='ltr'>res</span> <span class='ocrx_word' id='word_1_30' title='bbox 929 839 968 910; x_wconf 91' lang='lat' dir='ltr'>in</span> <span class='ocrx_word' id='word_1_31' title='bbox 983 839 1251 912; x_wconf 79' lang='lat' dir='ltr'>controversiam</span> <span class='ocrx_word' id='word_1_32' title='bbox 1272 837 1325 910; x_wconf 88' lang='lat' dir='ltr'>ad-</span> 
     </span>
    </p>
   </div>
   <div class='ocr_carea' id='block_1_4' title="bbox 261 936 1327 1043">
    <p class='ocr_par' dir='ltr' id='par_1_4' title="bbox 261 936 1327 1043">
     <span class='ocr_line' id='line_1_6' title="bbox 261 936 1327 1043; baseline -0.009 -27"><span class='ocrx_word' id='word_1_33' title='bbox 261 943 368 1017; x_wconf 87' lang='lat' dir='ltr'>ducta</span> <span class='ocrx_word' id='word_1_34' title='bbox 380 955 445 1027; x_wconf 89' lang='lat' dir='ltr'>est,</span> <span class='ocrx_word' id='word_1_35' title='bbox 462 943 543 1020; x_wconf 79' lang='lat' dir='ltr'>cirm</span> <span class='ocrx_word' id='word_1_36' title='bbox 555 950 770 1043; x_wconf 86' lang='lat' dir='ltr'>quaereretur</span> <span class='ocrx_word' id='word_1_37' title='bbox 782 939 824 1014; x_wconf 88' lang='lat' dir='ltr'>de</span> <span class='ocrx_word' id='word_1_38' title='bbox 843 938 978 1010; x_wconf 89' lang='lat' dir='ltr'>duobus</span> <span class='ocrx_word' id='word_1_39' title='bbox 992 936 1118 1010; x_wconf 86' lang='lat' dir='ltr'>civium</span> <span class='ocrx_word' id='word_1_40' title='bbox 1144 937 1327 1034; x_wconf 78' lang='lat' dir='ltr'>capitibus,</span> 
     </span>
    </p>
   </div>
   <div class='ocr_carea' id='block_1_5' title="bbox 260 1035 1412 1238">
    <p class='ocr_par' dir='ltr' id='par_1_5' title="bbox 260 1035 1412 1238">
     <span class='ocr_line' id='line_1_7' title="bbox 260 1035 1410 1143; baseline -0.007 -31"><span class='ocrx_word' id='word_1_41' title='bbox 260 1052 300 1114; x_wconf 91' lang='lat' dir='ltr'>et</span> <span class='ocrx_word' id='word_1_42' title='bbox 322 1044 364 1116; x_wconf 95' lang='lat' dir='ltr'>de</span> <span class='ocrx_word' id='word_1_43' title='bbox 387 1067 507 1143; x_wconf 91' lang='lat' dir='ltr'>puero,</span> <span class='ocrx_word' id='word_1_44' title='bbox 523 1044 581 1140; x_wconf 92' lang='lat' dir='ltr'>qui</span> <span class='ocrx_word' id='word_1_45' title='bbox 599 1067 644 1114; x_wconf 84' lang='lat' dir='ltr'>ex</span> <span class='ocrx_word' id='word_1_46' title='bbox 669 1037 859 1138; x_wconf 87' lang='lat' dir='ltr'>posteriore</span> <span class='ocrx_word' id='word_1_47' title='bbox 882 1045 987 1109; x_wconf 87' lang='lat' dir='ltr'>natus</span> <span class='ocrx_word' id='word_1_48' title='bbox 1014 1043 1097 1115; x_wconf 91' lang='lat' dir='ltr'>erat,</span> <span class='ocrx_word' id='word_1_49' title='bbox 1124 1045 1161 1107; x_wconf 90' lang='lat' dir='ltr'>et</span> <span class='ocrx_word' id='word_1_50' title='bbox 1189 1035 1233 1106; x_wconf 89' lang='lat' dir='ltr'>de</span> <span class='ocrx_word' id='word_1_51' title='bbox 1248 1035 1329 1130; x_wconf 83' lang='lat' dir='ltr'>ejus</span> <span class='ocrx_word' id='word_1_52' title='bbox 1409 1087 1410 1090; x_wconf 63' lang='lat'>,</span> 
     </span>
     <span class='ocr_line' id='line_1_8' title="bbox 262 1131 1412 1238; baseline -0.008 -26"><span class='ocrx_word' id='word_1_53' title='bbox 262 1151 396 1224; x_wconf 90' lang='lat' dir='ltr'>matre;</span> <span class='ocrx_word' id='word_1_54' title='bbox 420 1164 516 1238; x_wconf 84' lang='lat' dir='ltr'>quae,</span> <span class='ocrx_word' id='word_1_55' title='bbox 546 1141 574 1212; x_wconf 85' lang='lat' dir='ltr'>si</span> <span class='ocrx_word' id='word_1_56' title='bbox 594 1139 810 1236; x_wconf 86' lang='lat' dir='ltr'>judicaretur</span> <span class='ocrx_word' id='word_1_57' title='bbox 836 1134 938 1208; x_wconf 86' lang='lat' dir='ltr'>certis</span> <span class='ocrx_word' id='word_1_58' title='bbox 967 1131 1175 1228; x_wconf 86' lang='lat' dir='ltr'>quibusdam</span> <span class='ocrx_word' id='word_1_59' title='bbox 1205 1133 1330 1212; x_wconf 84' lang='lat' dir='ltr'>verbis,</span> <span class='ocrx_word' id='word_1_60' title='bbox 1411 1167 1412 1174; x_wconf 16' lang='grc' dir='ltr'><strong>κ</strong></span> 
     </span>
    </p>
   </div>
   <div class='ocr_carea' id='block_1_6' title="bbox 261 1231 1331 1632">
    <p class='ocr_par' dir='ltr' id='par_1_6' title="bbox 261 1231 1331 1632">
     <span class='ocr_line' id='line_1_9' title="bbox 262 1231 1331 1338; baseline -0.009 -27"><span class='ocrx_word' id='word_1_61' title='bbox 262 1261 340 1311; x_wconf 91' lang='lat' dir='ltr'>non</span> <span class='ocrx_word' id='word_1_62' title='bbox 353 1239 450 1312; x_wconf 89' lang='lat' dir='ltr'>novis</span> <span class='ocrx_word' id='word_1_63' title='bbox 462 1237 604 1338; x_wconf 91' lang='lat' dir='ltr'>nuptiis,</span> <span class='ocrx_word' id='word_1_64' title='bbox 615 1236 690 1308; x_wconf 90' lang='lat' dir='ltr'>fieri</span> <span class='ocrx_word' id='word_1_65' title='bbox 704 1259 785 1308; x_wconf 92' lang='lat' dir='ltr'>cum</span> <span class='ocrx_word' id='word_1_66' title='bbox 798 1234 973 1330; x_wconf 86' lang='lat' dir='ltr'>superiore</span> <span class='ocrx_word' id='word_1_67' title='bbox 986 1231 1184 1313; x_wconf 89' lang='lat' dir='ltr'>divortium,</span> <span class='ocrx_word' id='word_1_68' title='bbox 1200 1231 1239 1306; x_wconf 82' lang='lat' dir='ltr'>in</span> <span class='ocrx_word' id='word_1_69' title='bbox 1249 1254 1331 1303; x_wconf 90' lang='lat' dir='ltr'>con-</span> 
     </span>
     <span class='ocr_line' id='line_1_10' title="bbox 263 1327 1331 1426; baseline -0.006 -20"><span class='ocrx_word' id='word_1_70' title='bbox 263 1335 404 1408; x_wconf 83' lang='lat' dir='ltr'>cubinre</span> <span class='ocrx_word' id='word_1_71' title='bbox 418 1337 534 1408; x_wconf 90' lang='lat' dir='ltr'>locum</span> <span class='ocrx_word' id='word_1_72' title='bbox 552 1331 765 1408; x_wconf 84' lang='lat' dir='ltr'>duceretur?</span> <span class='ocrx_word' id='word_1_73' title='bbox 790 1333 882 1404; x_wconf 86' lang='lat' dir='ltr'>Haec</span> <span class='ocrx_word' id='word_1_74' title='bbox 896 1330 1002 1426; x_wconf 90' lang='lat' dir='ltr'>igitur</span> <span class='ocrx_word' id='word_1_75' title='bbox 1015 1337 1051 1402; x_wconf 91' lang='lat' dir='ltr'>et</span> <span class='ocrx_word' id='word_1_76' title='bbox 1067 1331 1192 1404; x_wconf 88' lang='lat' dir='ltr'>horum</span> <span class='ocrx_word' id='word_1_77' title='bbox 1204 1327 1331 1402; x_wconf 84' lang='lat' dir='ltr'>similia</span> 
     </span>
     <span class='ocr_line' id='line_1_11' title="bbox 261 1425 1329 1533; baseline -0.008 -28"><span class='ocrx_word' id='word_1_78' title='bbox 261 1431 338 1533; x_wconf 85' lang='lat' dir='ltr'>jura</span> <span class='ocrx_word' id='word_1_79' title='bbox 353 1456 427 1506; x_wconf 84' lang='lat' dir='ltr'>suae</span> <span class='ocrx_word' id='word_1_80' title='bbox 440 1432 588 1506; x_wconf 83' lang='lat' dir='ltr'>civitatis</span> <span class='ocrx_word' id='word_1_81' title='bbox 600 1432 827 1531; x_wconf 86' lang='lat' dir='ltr'>ignorantem,</span> <span class='ocrx_word' id='word_1_82' title='bbox 839 1437 995 1502; x_wconf 89' lang='lat' dir='ltr'>erectum</span> <span class='ocrx_word' id='word_1_83' title='bbox 1007 1435 1046 1501; x_wconf 87' lang='lat' dir='ltr'>et</span> <span class='ocrx_word' id='word_1_84' title='bbox 1061 1427 1210 1506; x_wconf 88' lang='lat' dir='ltr'>celsum,</span> <span class='ocrx_word' id='word_1_85' title='bbox 1227 1425 1329 1499; x_wconf 79' lang='lat' dir='ltr'>alacri</span> 
     </span>
     <span class='ocr_line' id='line_1_12' title="bbox 263 1525 1331 1632; baseline -0.007 -29"><span class='ocrx_word' id='word_1_86' title='bbox 263 1541 303 1604; x_wconf 93' lang='lat' dir='ltr'>et</span> <span class='ocrx_word' id='word_1_87' title='bbox 315 1545 452 1632; x_wconf 91' lang='lat' dir='ltr'>promto</span> <span class='ocrx_word' id='word_1_88' title='bbox 469 1555 528 1604; x_wconf 87' lang='lat' dir='ltr'>ore</span> <span class='ocrx_word' id='word_1_89' title='bbox 544 1557 584 1604; x_wconf 88' lang='lat' dir='ltr'>ac</span> <span class='ocrx_word' id='word_1_90' title='bbox 600 1531 702 1603; x_wconf 90' lang='lat' dir='ltr'>vultu</span> <span class='ocrx_word' id='word_1_91' title='bbox 717 1531 901 1625; x_wconf 87' lang='lat' dir='ltr'>lrucatque</span> <span class='ocrx_word' id='word_1_92' title='bbox 915 1525 996 1600; x_wconf 89' lang='lat' dir='ltr'>illuc</span> <span class='ocrx_word' id='word_1_93' title='bbox 1012 1525 1223 1605; x_wconf 83' lang='lat' dir='ltr'>intuentem,</span> <span class='ocrx_word' id='word_1_94' title='bbox 1233 1549 1331 1622; x_wconf 84' lang='lat' dir='ltr'>vaga·</span> 
     </span>
    </p>
   </div>
   <div class='ocr_carea' id='block_1_7' title="bbox 264 1623 1409 1924">
    <p class='ocr_par' dir='ltr' id='par_1_7' title="bbox 264 1623 1409 1924">
     <span class='ocr_line' id='line_1_13' title="bbox 264 1623 1409 1728; baseline -0.009 -26"><span class='ocrx_word' id='word_1_95' title='bbox 264 1627 293 1716; x_wconf 75' lang='lat' dir='ltr'>r&#39;i</span> <span class='ocrx_word' id='word_1_96' title='bbox 306 1655 429 1728; x_wconf 82' lang='lat' dir='ltr'>magna</span> <span class='ocrx_word' id='word_1_97' title='bbox 445 1655 527 1702; x_wconf 90' lang='lat' dir='ltr'>cum</span> <span class='ocrx_word' id='word_1_98' title='bbox 544 1637 677 1704; x_wconf 86' lang='lat' dir='ltr'>caterva</span> <span class='ocrx_word' id='word_1_99' title='bbox 703 1637 779 1702; x_wconf 91' lang='lat' dir='ltr'>toto</span> <span class='ocrx_word' id='word_1_100' title='bbox 802 1625 892 1707; x_wconf 88' lang='lat' dir='ltr'>foro,</span> <span class='ocrx_word' id='word_1_101' title='bbox 912 1623 1114 1724; x_wconf 74' lang='lat' dir='ltr'>prresidium</span> <span class='ocrx_word' id='word_1_102' title='bbox 1135 1623 1332 1700; x_wconf 88' lang='lat' dir='ltr'>clientibus,</span> <span class='ocrx_word' id='word_1_103' title='bbox 1408 1633 1409 1658; x_wconf 66' lang='lat'>¹</span> 
     </span>
     <span class='ocr_line' id='line_1_14' title="bbox 265 1720 1409 1830; baseline -0.008 -32"><span class='ocrx_word' id='word_1_104' title='bbox 265 1737 371 1826; x_wconf 88' lang='lat' dir='ltr'>atque</span> <span class='ocrx_word' id='word_1_105' title='bbox 383 1751 483 1830; x_wconf 89' lang='lat' dir='ltr'>opem</span> <span class='ocrx_word' id='word_1_106' title='bbox 501 1727 628 1810; x_wconf 89' lang='lat' dir='ltr'>amicis,</span> <span class='ocrx_word' id='word_1_107' title='bbox 645 1735 679 1800; x_wconf 87' lang='lat' dir='ltr'>et</span> <span class='ocrx_word' id='word_1_108' title='bbox 693 1750 800 1827; x_wconf 91' lang='lat' dir='ltr'>prope</span> <span class='ocrx_word' id='word_1_109' title='bbox 816 1725 953 1799; x_wconf 87' lang='lat' dir='ltr'>cunctis</span> <span class='ocrx_word' id='word_1_110' title='bbox 966 1723 1097 1797; x_wconf 89' lang='lat' dir='ltr'>civibus</span> <span class='ocrx_word' id='word_1_111' title='bbox 1109 1723 1224 1795; x_wconf 91' lang='lat' dir='ltr'>lucem</span> <span class='ocrx_word' id='word_1_112' title='bbox 1235 1720 1334 1816; x_wconf 91' lang='lat' dir='ltr'>inge·</span> <span class='ocrx_word' id='word_1_113' title='bbox 1408 1757 1409 1770; x_wconf 30' lang='grc' dir='ltr'><strong>κ</strong></span> 
     </span>
     <span class='ocr_line' id='line_1_15' title="bbox 266 1824 1333 1924; baseline -0.01 -25"><span class='ocrx_word' id='word_1_114' title='bbox 266 1825 317 1899; x_wconf 89' lang='lat' dir='ltr'>nii</span> <span class='ocrx_word' id='word_1_115' title='bbox 333 1825 515 1900; x_wconf 88' lang='lat' dir='ltr'>etconcilii</span> <span class='ocrx_word' id='word_1_116' title='bbox 529 1827 583 1900; x_wconf 91' lang='lat' dir='ltr'>sui</span> <span class='ocrx_word' id='word_1_117' title='bbox 597 1825 831 1924; x_wconf 84' lang='lat' dir='ltr'>porrigentem</span> <span class='ocrx_word' id='word_1_118' title='bbox 845 1832 950 1920; x_wconf 84' lang='lat' dir='ltr'>atque</span> <span class='ocrx_word' id='word_1_119' title='bbox 961 1824 1183 1901; x_wconf 83' lang='lat' dir='ltr'>tendentem,</span> <span class='ocrx_word' id='word_1_120' title='bbox 1206 1841 1333 1892; x_wconf 87' lang='lat' dir='ltr'>nonne</span> 
     </span>
    </p>
   </div>
   <div class='ocr_carea' id='block_1_8' title="bbox 266 1918 959 2092">
    <p class='ocr_par' dir='ltr' id='par_1_8' title="bbox 266 1918 959 2092">
     <span class='ocr_line' id='line_1_16' title="bbox 266 1918 959 2092; baseline -0.01 -96"><span class='ocrx_word' id='word_1_121' title='bbox 266 1925 306 1998; x_wconf 91' lang='lat' dir='ltr'>in</span> <span class='ocrx_word' id='word_1_122' title='bbox 318 1925 438 2092; x_wconf 57' lang='lat' dir='ltr'>grimis</span> <span class='ocrx_word' id='word_1_123' title='bbox 453 1925 662 2020; x_wconf 82' lang='lat' dir='ltr'>flagitiosum</span> <span class='ocrx_word' id='word_1_124' title='bbox 675 1923 867 2021; x_wconf 85' lang='lat' dir='ltr'>putandum</span> <span class='ocrx_word' id='word_1_125' title='bbox 880 1918 959 1994; x_wconf 85' lang='lat' dir='ltr'>est?</span> 
     </span>
    </p>
   </div>
   <div class='ocr_carea' id='block_1_9' title="bbox 353 1989 1407 2116">
    <p class='ocr_par' dir='ltr' id='par_1_9' title="bbox 353 1989 1407 2116">
     <span class='ocr_line' id='line_1_17' title="bbox 353 1989 1407 2116; baseline -0.005 -25"><span class='ocrx_word' id='word_1_126' title='bbox 353 2019 414 2092; x_wconf 90' lang='lat' dir='ltr'>LI.</span> <span class='ocrx_word' id='word_1_127' title='bbox 451 2021 501 2090; x_wconf 91' lang='lat' dir='ltr'>Et</span> <span class='ocrx_word' id='word_1_128' title='bbox 516 2019 681 2116; x_wconf 87' lang='lat' dir='ltr'>quoniam</span> <span class='ocrx_word' id='word_1_129' title='bbox 702 2019 745 2088; x_wconf 93' lang='lat' dir='ltr'>de</span> <span class='ocrx_word' id='word_1_130' title='bbox 769 2016 985 2114; x_wconf 87' lang='lat' dir='ltr'>impudentia</span> <span class='ocrx_word' id='word_1_131' title='bbox 1008 2017 1091 2094; x_wconf 85' lang='lat' dir='ltr'>dixi,</span> <span class='ocrx_word' id='word_1_132' title='bbox 1123 2017 1337 2110; x_wconf 80' lang='lat' dir='ltr'>castigemus</span> <span class='ocrx_word' id='word_1_133' title='bbox 1406 1989 1407 2068; x_wconf 37' lang='grc' dir='ltr'><em>Ῐ</em></span> 
     </span>
    </p>
   </div>
   <div class='ocr_carea' id='block_1_10' title="bbox 266 2111 1409 2506">
    <p class='ocr_par' dir='ltr' id='par_1_10' title="bbox 266 2107 1409 2506">
     <span class='ocr_line' id='line_1_18' title="bbox 268 2111 1338 2216; baseline -0.006 -26"><span class='ocrx_word' id='word_1_134' title='bbox 268 2117 374 2191; x_wconf 83' lang='lat' dir='ltr'>etiam</span> <span class='ocrx_word' id='word_1_135' title='bbox 387 2115 570 2216; x_wconf 83' lang='lat' dir='ltr'>segnitiem</span> <span class='ocrx_word' id='word_1_136' title='bbox 583 2113 762 2188; x_wconf 88' lang='lat' dir='ltr'>hominum</span> <span class='ocrx_word' id='word_1_137' title='bbox 783 2111 1071 2212; x_wconf 85' lang='lat' dir='ltr'>atqueinertiam.</span> <span class='ocrx_word' id='word_1_138' title='bbox 1121 2113 1213 2185; x_wconf 88' lang='lat' dir='ltr'>Nam</span> <span class='ocrx_word' id='word_1_139' title='bbox 1240 2112 1268 2184; x_wconf 91' lang='lat' dir='ltr'>si</span> <span class='ocrx_word' id='word_1_140' title='bbox 1285 2138 1338 2184; x_wconf 91' lang='lat' dir='ltr'>es·</span> 
     </span>
     <span class='ocr_line' id='line_1_19' title="bbox 269 2209 1339 2312; baseline -0.005 -24"><span class='ocrx_word' id='word_1_141' title='bbox 269 2215 402 2288; x_wconf 87' lang='lat' dir='ltr'>setista</span> <span class='ocrx_word' id='word_1_142' title='bbox 426 2213 581 2312; x_wconf 90' lang='lat' dir='ltr'>cognitio</span> <span class='ocrx_word' id='word_1_143' title='bbox 601 2211 686 2308; x_wconf 86' lang='lat' dir='ltr'>juris</span> <span class='ocrx_word' id='word_1_144' title='bbox 698 2235 822 2308; x_wconf 84' lang='lat' dir='ltr'>magna</span> <span class='ocrx_word' id='word_1_145' title='bbox 836 2235 876 2284; x_wconf 83' lang='lat' dir='ltr'>ac</span> <span class='ocrx_word' id='word_1_146' title='bbox 892 2209 1051 2292; x_wconf 87' lang='lat' dir='ltr'>difficilis,</span> <span class='ocrx_word' id='word_1_147' title='bbox 1074 2219 1189 2284; x_wconf 87' lang='lat' dir='ltr'>tamen</span> <span class='ocrx_word' id='word_1_148' title='bbox 1210 2209 1339 2283; x_wconf 83' lang='lat' dir='ltr'>utilita—</span> 
     </span>
     <span class='ocr_line' id='line_1_20' title="bbox 266 2308 1409 2410; baseline -0.005 -23"><span class='ocrx_word' id='word_1_149' title='bbox 266 2315 314 2386; x_wconf 84' lang='lat' dir='ltr'>&#39;tis</span> <span class='ocrx_word' id='word_1_150' title='bbox 330 2313 533 2410; x_wconf 84' lang='lat' dir='ltr'>magnitudo</span> <span class='ocrx_word' id='word_1_151' title='bbox 546 2311 686 2386; x_wconf 87' lang='lat' dir='ltr'>deberet</span> <span class='ocrx_word' id='word_1_152' title='bbox 698 2309 858 2382; x_wconf 89' lang='lat' dir='ltr'>homines</span> <span class='ocrx_word' id='word_1_153' title='bbox 869 2308 912 2381; x_wconf 88' lang='lat' dir='ltr'>ad</span> <span class='ocrx_word' id='word_1_154' title='bbox 928 2308 1188 2408; x_wconf 89' lang='lat' dir='ltr'>suscipiendum</span> <span class='ocrx_word' id='word_1_155' title='bbox 1200 2309 1341 2382; x_wconf 83' lang='lat' dir='ltr'>discen·</span> <span class='ocrx_word' id='word_1_156' title='bbox 1408 2339 1409 2364; x_wconf 55' lang='lat'>1</span> 
     </span>
     <span class='ocr_line' id='line_1_21' title="bbox 269 2406 1409 2506; baseline -0.002 -24"><span class='ocrx_word' id='word_1_157' title='bbox 269 2411 305 2482; x_wconf 90' lang='lat' dir='ltr'>di</span> <span class='ocrx_word' id='word_1_158' title='bbox 330 2413 480 2482; x_wconf 87' lang='lat' dir='ltr'>laborem</span> <span class='ocrx_word' id='word_1_159' title='bbox 503 2409 696 2506; x_wconf 89' lang='lat' dir='ltr'>impellere:</span> <span class='ocrx_word' id='word_1_160' title='bbox 723 2407 841 2490; x_wconf 63' lang='lat' dir='ltr'>sed„d</span> <span class='ocrx_word' id='word_1_161' title='bbox 858 2406 906 2480; x_wconf 92' lang='lat' dir='ltr'>dii</span> <span class='ocrx_word' id='word_1_162' title='bbox 923 2407 1142 2490; x_wconf 90' lang='lat' dir='ltr'>immortales,</span> <span class='ocrx_word' id='word_1_163' title='bbox 1158 2433 1234 2482; x_wconf 89' lang='lat' dir='ltr'>non</span> <span class='ocrx_word' id='word_1_164' title='bbox 1250 2406 1339 2480; x_wconf 87' lang='lat' dir='ltr'>dice·</span> <span class='ocrx_word' id='word_1_165' title='bbox 1408 2439 1409 2442; x_wconf 42' lang='lat'>¹</span> 
     </span>
    </p>
   </div>
   <div class='ocr_carea' id='block_1_11' title="bbox 269 2505 1409 2801">
    <p class='ocr_par' dir='ltr' id='par_1_11' title="bbox 269 2505 1409 2801">
     <span class='ocr_line' id='line_1_22' title="bbox 270 2505 1337 2604; baseline -0.003 -24"><span class='ocrx_word' id='word_1_166' title='bbox 270 2533 345 2580; x_wconf 87' lang='lat' dir='ltr'>rem</span> <span class='ocrx_word' id='word_1_167' title='bbox 360 2509 426 2580; x_wconf 92' lang='lat' dir='ltr'>hoc</span> <span class='ocrx_word' id='word_1_168' title='bbox 438 2505 602 2578; x_wconf 88' lang='lat' dir='ltr'>audiente</span> <span class='ocrx_word' id='word_1_169' title='bbox 615 2505 781 2586; x_wconf 83' lang='lat' dir='ltr'>Scaevola,</span> <span class='ocrx_word' id='word_1_170' title='bbox 798 2505 865 2578; x_wconf 91' lang='lat' dir='ltr'>nisi</span> <span class='ocrx_word' id='word_1_171' title='bbox 882 2507 956 2604; x_wconf 87' lang='lat' dir='ltr'>ipse</span> <span class='ocrx_word' id='word_1_172' title='bbox 971 2505 1085 2580; x_wconf 88' lang='lat' dir='ltr'>dicere</span> <span class='ocrx_word' id='word_1_173' title='bbox 1098 2507 1239 2588; x_wconf 89' lang='lat' dir='ltr'>soleret,</span> <span class='ocrx_word' id='word_1_174' title='bbox 1257 2506 1337 2578; x_wconf 93' lang='lat' dir='ltr'>nul··</span> 
     </span>
     <span class='ocr_line' id='line_1_23' title="bbox 269 2603 1409 2702; baseline -0.003 -23"><span class='ocrx_word' id='word_1_175' title='bbox 269 2603 339 2680; x_wconf 89' lang='lat' dir='ltr'>lius</span> <span class='ocrx_word' id='word_1_176' title='bbox 351 2606 433 2678; x_wconf 85' lang='lat' dir='ltr'>artis</span> <span class='ocrx_word' id='word_1_177' title='bbox 448 2605 636 2691; x_wconf 83' lang='lat' dir='ltr'>faciliorem</span> <span class='ocrx_word' id='word_1_178' title='bbox 648 2603 708 2677; x_wconf 87' lang='lat' dir='ltr'>sibi</span> <span class='ocrx_word' id='word_1_179' title='bbox 723 2603 961 2702; x_wconf 85' lang='lat' dir='ltr'>cognitionem</span> <span class='ocrx_word' id='word_1_180' title='bbox 973 2605 1092 2680; x_wconf 77' lang='lat' dir='ltr'>viderit</span> <span class='ocrx_word' id='word_1_181' title='bbox 1132 2605 1244 2688; x_wconf 77' lang='lat' dir='ltr'>Quod</span> <span class='ocrx_word' id='word_1_182' title='bbox 1262 2604 1338 2702; x_wconf 88' lang='lat' dir='ltr'>qui·</span> <span class='ocrx_word' id='word_1_183' title='bbox 1407 2615 1409 2694; x_wconf 69' lang='grc' dir='ltr'>ζ</span> 
     </span>
     <span class='ocr_line' id='line_1_24' title="bbox 271 2703 1408 2801; baseline 0 -25"><span class='ocrx_word' id='word_1_184' title='bbox 271 2703 353 2777; x_wconf 90' lang='lat' dir='ltr'>dem</span> <span class='ocrx_word' id='word_1_185' title='bbox 369 2703 472 2778; x_wconf 88' lang='lat' dir='ltr'>certis</span> <span class='ocrx_word' id='word_1_186' title='bbox 483 2703 526 2776; x_wconf 91' lang='lat' dir='ltr'>de</span> <span class='ocrx_word' id='word_1_187' title='bbox 540 2703 670 2776; x_wconf 85' lang='lat' dir='ltr'>caussis</span> <span class='ocrx_word' id='word_1_188' title='bbox 684 2706 704 2775; x_wconf 71' lang='lat' dir='ltr'>i</span> <span class='ocrx_word' id='word_1_189' title='bbox 717 2703 891 2800; x_wconf 87' lang='lat' dir='ltr'>plerisque</span> <span class='ocrx_word' id='word_1_190' title='bbox 906 2703 1005 2776; x_wconf 85' lang='lat' dir='ltr'>aliter</span> <span class='ocrx_word' id='word_1_191' title='bbox 1018 2703 1234 2777; x_wconf 87' lang='lat' dir='ltr'>existimatur</span> <span class='ocrx_word' id='word_1_192' title='bbox 1249 2728 1256 2774; x_wconf 93' lang='lat'>:</span> <span class='ocrx_word' id='word_1_193' title='bbox 1274 2703 1338 2801; x_wconf 88' lang='lat' dir='ltr'>pri·</span> <span class='ocrx_word' id='word_1_194' title='bbox 1407 2721 1408 2739; x_wconf 78' lang='lat'>³</span> 
     </span>
    </p>
   </div>
   <div class='ocr_carea' id='block_1_12' title="bbox 175 2800 1340 3585">
    <p class='ocr_par' dir='ltr' id='par_1_12' title="bbox 175 2800 1340 3585">
     <span class='ocr_line' id='line_1_25' title="bbox 274 2800 1338 2900; baseline -0.003 -24"><span class='ocrx_word' id='word_1_195' title='bbox 274 2802 382 2885; x_wconf 74' lang='lat' dir='ltr'>mrim,</span> <span class='ocrx_word' id='word_1_196' title='bbox 395 2803 476 2900; x_wconf 81' lang='lat' dir='ltr'>quja</span> <span class='ocrx_word' id='word_1_197' title='bbox 493 2815 630 2876; x_wconf 84' lang='lat' dir='ltr'>veteres</span> <span class='ocrx_word' id='word_1_198' title='bbox 643 2800 701 2882; x_wconf 92' lang='lat' dir='ltr'>illi,</span> <span class='ocrx_word' id='word_1_199' title='bbox 727 2801 786 2897; x_wconf 91' lang='lat' dir='ltr'>qui</span> <span class='ocrx_word' id='word_1_200' title='bbox 809 2801 890 2876; x_wconf 86' lang='lat' dir='ltr'>huic</span> <span class='ocrx_word' id='word_1_201' title='bbox 915 2803 1073 2875; x_wconf 87' lang='lat' dir='ltr'>scientiae</span> <span class='ocrx_word' id='word_1_202' title='bbox 1103 2803 1338 2898; x_wconf 87' lang='lat' dir='ltr'>praefuerunt,</span> 
     </span>
     <span class='ocr_line' id='line_1_26' title="bbox 273 2897 1340 2996; baseline 0.001 -24"><span class='ocrx_word' id='word_1_203' title='bbox 273 2901 473 2975; x_wconf 81' lang='lat' dir='ltr'>obtinendae</span> <span class='ocrx_word' id='word_1_204' title='bbox 483 2910 591 2996; x_wconf 90' lang='lat' dir='ltr'>atque</span> <span class='ocrx_word' id='word_1_205' title='bbox 618 2899 787 2996; x_wconf 83' lang='lat' dir='ltr'>augendae</span> <span class='ocrx_word' id='word_1_206' title='bbox 801 2900 971 2994; x_wconf 84' lang='lat' dir='ltr'>potentiae</span> <span class='ocrx_word' id='word_1_207' title='bbox 989 2922 1064 2971; x_wconf 88' lang='lat' dir='ltr'>suae</span> <span class='ocrx_word' id='word_1_208' title='bbox 1082 2923 1192 2977; x_wconf 85' lang='lat' dir='ltr'>causa,</span> <span class='ocrx_word' id='word_1_209' title='bbox 1209 2897 1340 2994; x_wconf 82' lang='lat' dir='ltr'>pervul-</span> 
     </span>
     <span class='ocr_line' id='line_1_27' title="bbox 273 2995 1340 3098; baseline -0.003 -27"><span class='ocrx_word' id='word_1_210' title='bbox 273 3001 345 3098; x_wconf 84' lang='lat' dir='ltr'>gari</span> <span class='ocrx_word' id='word_1_211' title='bbox 377 3007 484 3072; x_wconf 83' lang='lat' dir='ltr'>artem</span> <span class='ocrx_word' id='word_1_212' title='bbox 502 3023 598 3070; x_wconf 87' lang='lat' dir='ltr'>suam</span> <span class='ocrx_word' id='word_1_213' title='bbox 615 2997 831 3070; x_wconf 87' lang='lat' dir='ltr'>noluerunt:</span> <span class='ocrx_word' id='word_1_214' title='bbox 856 2995 997 3077; x_wconf 90' lang='lat' dir='ltr'>deinde,</span> <span class='ocrx_word' id='word_1_215' title='bbox 1029 3009 1254 3093; x_wconf 84' lang='lat' dir='ltr'>posteaquam</span> <span class='ocrx_word' id='word_1_216' title='bbox 1284 3007 1340 3070; x_wconf 88' lang='lat' dir='ltr'>est</span> 
     </span>
     <span class='ocr_line' id='line_1_28' title="bbox 273 3094 1339 3194; baseline -0.004 -24"><span class='ocrx_word' id='word_1_217' title='bbox 273 3099 420 3178; x_wconf 87' lang='lat' dir='ltr'>editum,</span> <span class='ocrx_word' id='word_1_218' title='bbox 432 3095 599 3194; x_wconf 88' lang='lat' dir='ltr'>expositis</span> <span class='ocrx_word' id='word_1_219' title='bbox 617 3095 720 3168; x_wconf 83' lang='lat' dir='ltr'>aiCn.</span> <span class='ocrx_word' id='word_1_220' title='bbox 732 3094 851 3166; x_wconf 86' lang='lat' dir='ltr'>Flavio</span> <span class='ocrx_word' id='word_1_221' title='bbox 864 3095 1013 3194; x_wconf 75' lang='lat' dir='ltr'>primum</span> <span class='ocrx_word' id='word_1_222' title='bbox 1029 3094 1237 3177; x_wconf 85' lang='lat' dir='ltr'>actionibus,</span> <span class='ocrx_word' id='word_1_223' title='bbox 1249 3095 1339 3170; x_wconf 88' lang='lat' dir='ltr'>nulli</span> 
     </span>
     <span class='ocr_line' id='line_1_29' title="bbox 272 3191 1338 3294; baseline 0 -28"><span class='ocrx_word' id='word_1_224' title='bbox 272 3197 429 3275; x_wconf 85' lang='lat' dir='ltr'>fuerunt,</span> <span class='ocrx_word' id='word_1_225' title='bbox 450 3195 510 3294; x_wconf 88' lang='lat' dir='ltr'>qui</span> <span class='ocrx_word' id='word_1_226' title='bbox 526 3194 585 3286; x_wconf 83' lang='lat' dir='ltr'>illa</span> <span class='ocrx_word' id='word_1_227' title='bbox 600 3193 812 3266; x_wconf 75' lang='lat' dir='ltr'>⁸artiliciose</span> <span class='ocrx_word' id='word_1_228' title='bbox 830 3191 963 3290; x_wconf 89' lang='lat' dir='ltr'>digesta</span> <span class='ocrx_word' id='word_1_229' title='bbox 985 3193 1176 3292; x_wconf 87' lang='lat' dir='ltr'>generatim</span> <span class='ocrx_word' id='word_1_230' title='bbox 1200 3216 1338 3292; x_wconf 82' lang='lat' dir='ltr'>compo</span> 
     </span>
     <span class='ocr_line' id='line_1_30' title="bbox 275 3290 1338 3390; baseline -0.002 -24"><span class='ocrx_word' id='word_1_231' title='bbox 275 3301 414 3366; x_wconf 87' lang='lat' dir='ltr'>nerent.</span> <span class='ocrx_word' id='word_1_232' title='bbox 465 3291 561 3364; x_wconf 90' lang='lat' dir='ltr'>Nihil</span> <span class='ocrx_word' id='word_1_233' title='bbox 574 3301 628 3365; x_wconf 89' lang='lat' dir='ltr'>est</span> <span class='ocrx_word' id='word_1_234' title='bbox 650 3291 756 3374; x_wconf 87' lang='lat' dir='ltr'>enim,</span> <span class='ocrx_word' id='word_1_235' title='bbox 785 3291 935 3390; x_wconf 89' lang='lat' dir='ltr'>quodad</span> <span class='ocrx_word' id='word_1_236' title='bbox 951 3302 1059 3366; x_wconf 84' lang='lat' dir='ltr'>artem</span> <span class='ocrx_word' id='word_1_237' title='bbox 1084 3290 1194 3390; x_wconf 86' lang='lat' dir='ltr'>redigi</span> <span class='ocrx_word' id='word_1_238' title='bbox 1220 3292 1338 3390; x_wconf 76' lang='lat' dir='ltr'>possit,</span> 
     </span>
     <span class='ocr_line' id='line_1_31' title="bbox 276 3389 1338 3488; baseline -0.003 -25"><span class='ocrx_word' id='word_1_239' title='bbox 276 3390 344 3467; x_wconf 89' lang='lat' dir='ltr'>nisi</span> <span class='ocrx_word' id='word_1_240' title='bbox 360 3389 418 3467; x_wconf 90' lang='lat' dir='ltr'>ille</span> <span class='ocrx_word' id='word_1_241' title='bbox 434 3389 541 3486; x_wconf 79' lang='lat' dir='ltr'>pribs,</span> <span class='ocrx_word' id='word_1_242' title='bbox 566 3389 624 3486; x_wconf 92' lang='lat' dir='ltr'>qui</span> <span class='ocrx_word' id='word_1_243' title='bbox 643 3389 704 3461; x_wconf 85' lang='lat' dir='ltr'>illa</span> <span class='ocrx_word' id='word_1_244' title='bbox 717 3401 828 3474; x_wconf 89' lang='lat' dir='ltr'>tenet,</span> <span class='ocrx_word' id='word_1_245' title='bbox 846 3415 1000 3488; x_wconf 89' lang='lat' dir='ltr'>quorum</span> <span class='ocrx_word' id='word_1_246' title='bbox 1020 3401 1132 3466; x_wconf 87' lang='lat' dir='ltr'>artem</span> <span class='ocrx_word' id='word_1_247' title='bbox 1157 3389 1338 3466; x_wconf 86' lang='lat' dir='ltr'>instituere</span> 
     </span>
     <span class='ocr_line' id='line_1_32' title="bbox 175 3485 1338 3585; baseline 0 -23"><span class='ocrx_word' id='word_1_248' title='bbox 175 3505 183 3520; x_wconf 75' lang='lat'><strong><em>‘</em></strong></span> <span class='ocrx_word' id='word_1_249' title='bbox 276 3490 364 3576; x_wconf 79' lang='lat' dir='ltr'>vult,</span> <span class='ocrx_word' id='word_1_250' title='bbox 381 3489 505 3561; x_wconf 85' lang='lat' dir='ltr'>habeat</span> <span class='ocrx_word' id='word_1_251' title='bbox 518 3485 611 3565; x_wconf 86' lang='lat' dir='ltr'>illam</span> <span class='ocrx_word' id='word_1_252' title='bbox 628 3486 819 3570; x_wconf 80' lang='lat' dir='ltr'>scientiam,</span> <span class='ocrx_word' id='word_1_253' title='bbox 848 3497 890 3564; x_wconf 91' lang='lat' dir='ltr'>ut</span> <span class='ocrx_word' id='word_1_254' title='bbox 913 3515 958 3564; x_wconf 81' lang='lat' dir='ltr'>ex</span> <span class='ocrx_word' id='word_1_255' title='bbox 982 3490 1023 3562; x_wconf 90' lang='lat' dir='ltr'>iis</span> <span class='ocrx_word' id='word_1_256' title='bbox 1050 3491 1163 3569; x_wconf 88' lang='lat' dir='ltr'>rebus,</span> <span class='ocrx_word' id='word_1_257' title='bbox 1191 3509 1338 3585; x_wconf 84' lang='lat' dir='ltr'>quarum</span> 
     </span>
    </p>
   </div>
   <div class='ocr_carea' id='block_1_13' title="bbox 1405 3319 1410 3578">
    <p class='ocr_par' dir='ltr' id='par_1_13' title="bbox 1405 3205 1410 3635">
     <span class='ocr_line' id='line_1_33' title="bbox 1405 3319 1410 3443; baseline 0 -141"><span class='ocrx_word' id='word_1_258' title='bbox 1405 3319 1410 3443; x_wconf 40' lang='grc' dir='ltr'><em>Α</em></span> 
     </span>
     <span class='ocr_line' id='line_1_34' title="bbox 1406 3483 1410 3578; baseline 0 28"><span class='ocrx_word' id='word_1_259' title='bbox 1406 3483 1410 3578; x_wconf 83' lang='lat'><strong>¹</strong></span> 
     </span>
    </p>
   </div>
   <div class='ocr_carea' id='block_1_14' title="bbox 276 3675 1409 3760">
    <p class='ocr_par' dir='ltr' id='par_1_14' title="bbox 276 3675 1409 3760">
     <span class='ocr_line' id='line_1_35' title="bbox 276 3675 1409 3760; baseline 0.004 -22"><span class='ocrx_word' id='word_1_260' title='bbox 276 3683 340 3739; x_wconf 76' lang='lat' dir='ltr'>edm</span> <span class='ocrx_word' id='word_1_261' title='bbox 352 3683 385 3742; x_wconf 85' lang='lat' dir='ltr'>in</span> <span class='ocrx_word' id='word_1_262' title='bbox 397 3682 609 3743; x_wconf 83' lang='lat' dir='ltr'>constructione</span> <span class='ocrx_word' id='word_1_263' title='bbox 620 3684 790 3760; x_wconf 82' lang='lat' dir='ltr'>praecedere</span> <span class='ocrx_word' id='word_1_264' title='bbox 800 3684 886 3745; x_wconf 83' lang='lat' dir='ltr'>debet</span> <span class='ocrx_word' id='word_1_265' title='bbox 901 3683 1115 3744; x_wconf 79' lang='lat' dir='ltr'>nominativum</span> <span class='ocrx_word' id='word_1_266' title='bbox 1129 3703 1231 3744; x_wconf 85' lang='lat' dir='ltr'>casum</span> <span class='ocrx_word' id='word_1_267' title='bbox 1237 3695 1336 3756; x_wconf 71' lang='lat' dir='ltr'>fictar-</span> <span class='ocrx_word' id='word_1_268' title='bbox 1408 3675 1409 3701; x_wconf 49' lang='lat' dir='ltr'>l</span> 
     </span>
    </p>
   </div>
   <div class='ocr_carea' id='block_1_15' title="bbox 267 3762 1339 4336">
    <p class='ocr_par' dir='ltr' id='par_1_15' title="bbox 267 3762 1336 3842">
     <span class='ocr_line' id='line_1_36' title="bbox 267 3762 1336 3842; baseline -0.003 -23"><span class='ocrx_word' id='word_1_269' title='bbox 267 3763 422 3833; x_wconf 63' lang='lat' dir='ltr'>firmiliani</span> <span class='ocrx_word' id='word_1_270' title='bbox 443 3765 616 3835; x_wconf 69' lang='lat' dir='ltr'>sicciorem,</span> <span class='ocrx_word' id='word_1_271' title='bbox 643 3763 750 3842; x_wconf 80' lang='lat' dir='ltr'>aliique</span> <span class='ocrx_word' id='word_1_272' title='bbox 763 3764 931 3840; x_wconf 51' lang='lat' dir='ltr'>¹Scriptores</span> <span class='ocrx_word' id='word_1_273' title='bbox 954 3767 1048 3826; x_wconf 83' lang='lat' dir='ltr'>solent</span> <span class='ocrx_word' id='word_1_274' title='bbox 1074 3762 1163 3841; x_wconf 88' lang='lat' dir='ltr'>loqui.</span> <span class='ocrx_word' id='word_1_275' title='bbox 1178 3767 1196 3823; x_wconf 89' lang='lat' dir='ltr'>l.</span> <span class='ocrx_word' id='word_1_276' title='bbox 1207 3764 1237 3822; x_wconf 90' lang='lat' dir='ltr'>ii.</span> <span class='ocrx_word' id='word_1_277' title='bbox 1252 3785 1277 3824; x_wconf 91' lang='lat' dir='ltr'>c.</span> <span class='ocrx_word' id='word_1_278' title='bbox 1294 3770 1336 3822; x_wconf 81' lang='lat'>61.</span> 
     </span>
    </p>

    <p class='ocr_par' dir='ltr' id='par_1_16' title="bbox 277 3843 1339 4336">
     <span class='ocr_line' id='line_1_37' title="bbox 283 3843 1338 3918; baseline 0.001 -21"><span class='ocrx_word' id='word_1_279' title='bbox 283 3844 330 3914; x_wconf 79' lang='lat' dir='ltr'>Ui,</span> <span class='ocrx_word' id='word_1_280' title='bbox 354 3847 419 3902; x_wconf 77' lang='lat' dir='ltr'>olim</span> <span class='ocrx_word' id='word_1_281' title='bbox 434 3843 616 3904; x_wconf 76' lang='lat' dir='ltr'>Ruacacirm</span> <span class='ocrx_word' id='word_1_282' title='bbox 630 3848 722 3918; x_wconf 81' lang='lat' dir='ltr'>legem</span> <span class='ocrx_word' id='word_1_283' title='bbox 736 3847 846 3915; x_wconf 85' lang='lat' dir='ltr'>ferret,</span> <span class='ocrx_word' id='word_1_284' title='bbox 860 3857 916 3904; x_wconf 81' lang='lat' dir='ltr'>etc.</span> <span class='ocrx_word' id='word_1_285' title='bbox 934 3844 998 3904; x_wconf 81' lang='lat' dir='ltr'>Liv.</span> <span class='ocrx_word' id='word_1_286' title='bbox 1010 3847 1031 3902; x_wconf 91' lang='lat' dir='ltr'>l.</span> <span class='ocrx_word' id='word_1_287' title='bbox 1046 3843 1075 3902; x_wconf 84' lang='lat' dir='ltr'>ii.</span> <span class='ocrx_word' id='word_1_288' title='bbox 1087 3863 1112 3902; x_wconf 90' lang='lat' dir='ltr'>c.</span> <span class='ocrx_word' id='word_1_289' title='bbox 1127 3850 1154 3902; x_wconf 81' lang='grc'>7.</span> <span class='ocrx_word' id='word_1_290' title='bbox 1184 3845 1250 3902; x_wconf 85' lang='lat' dir='ltr'>Haec</span> <span class='ocrx_word' id='word_1_291' title='bbox 1264 3849 1338 3902; x_wconf 83' lang='lat' dir='ltr'>dicta</span> 
     </span>
     <span class='ocr_line' id='line_1_38' title="bbox 277 3921 1338 4002; baseline -0.001 -22"><span class='ocrx_word' id='word_1_292' title='bbox 277 3930 380 3995; x_wconf 79' lang='lat' dir='ltr'>vulgo,</span> <span class='ocrx_word' id='word_1_293' title='bbox 393 3927 559 3998; x_wconf 80' lang='lat' dir='ltr'>creditaque</span> <span class='ocrx_word' id='word_1_294' title='bbox 585 3943 679 4002; x_wconf 85' lang='lat' dir='ltr'>quum</span> <span class='ocrx_word' id='word_1_295' title='bbox 699 3927 873 3995; x_wconf 79' lang='lat' dir='ltr'>indignitate</span> <span class='ocrx_word' id='word_1_296' title='bbox 900 3934 1045 3996; x_wconf 78' lang='lat' dir='ltr'>angerent</span> <span class='ocrx_word' id='word_1_297' title='bbox 1072 3921 1195 3984; x_wconf 74' lang='lat' dir='ltr'>conculis</span> <span class='ocrx_word' id='word_1_298' title='bbox 1209 3929 1338 3989; x_wconf 75' lang='lat' dir='ltr'>animani,</span> 
     </span>
     <span class='ocr_line' id='line_1_39' title="bbox 280 4003 1339 4074; baseline -0.003 -12"><span class='ocrx_word' id='word_1_299' title='bbox 280 4005 428 4062; x_wconf 65' lang='lat' dir='ltr'>submiseris</span> <span class='ocrx_word' id='word_1_300' title='bbox 432 4005 549 4074; x_wconf 80' lang='lat' dir='ltr'>facibus</span> <span class='ocrx_word' id='word_1_301' title='bbox 563 4007 594 4061; x_wconf 83' lang='lat' dir='ltr'>in</span> <span class='ocrx_word' id='word_1_302' title='bbox 607 4009 765 4062; x_wconf 78' lang='lat' dir='ltr'>concionem</span> <span class='ocrx_word' id='word_1_303' title='bbox 774 4007 911 4064; x_wconf 65' lang='lat' dir='ltr'>ascendit.</span> <span class='ocrx_word' id='word_1_304' title='bbox 934 4003 999 4063; x_wconf 72' lang='lat' dir='ltr'>Lis,</span> <span class='ocrx_word' id='word_1_305' title='bbox 1010 4005 1029 4061; x_wconf 95' lang='grc'>1.</span> <span class='ocrx_word' id='word_1_306' title='bbox 1043 4003 1101 4062; x_wconf 74' lang='lat' dir='ltr'>viii</span> <span class='ocrx_word' id='word_1_307' title='bbox 1114 4025 1140 4064; x_wconf 88' lang='lat' dir='ltr'>c.</span> <span class='ocrx_word' id='word_1_308' title='bbox 1152 4009 1198 4060; x_wconf 79' lang='lat'>28.</span> <span class='ocrx_word' id='word_1_309' title='bbox 1233 4005 1339 4074; x_wconf 71' lang='lat' dir='ltr'>Quina</span> 
     </span>
     <span class='ocr_line' id='line_1_40' title="bbox 279 4083 1337 4158; baseline -0.006 -17"><span class='ocrx_word' id='word_1_310' title='bbox 279 4089 425 4142; x_wconf 80' lang='lat' dir='ltr'>laceratus</span> <span class='ocrx_word' id='word_1_311' title='bbox 433 4083 551 4156; x_wconf 78' lang='lat' dir='ltr'>juvenis</span> <span class='ocrx_word' id='word_1_312' title='bbox 561 4103 646 4154; x_wconf 79' lang='lat' dir='ltr'>quum</span> <span class='ocrx_word' id='word_1_313' title='bbox 659 4103 691 4143; x_wconf 78' lang='lat' dir='ltr'>ee</span> <span class='ocrx_word' id='word_1_314' title='bbox 705 4088 736 4140; x_wconf 86' lang='lat' dir='ltr'>in</span> <span class='ocrx_word' id='word_1_315' title='bbox 745 4087 890 4152; x_wconf 69' lang='lat' dir='ltr'>naturum</span> <span class='ocrx_word' id='word_1_316' title='bbox 900 4085 1108 4156; x_wconf 68' lang='lat' dir='ltr'>proripuisset,</span> <span class='ocrx_word' id='word_1_317' title='bbox 1121 4089 1223 4158; x_wconf 78' lang='lat' dir='ltr'>ingene</span> <span class='ocrx_word' id='word_1_318' title='bbox 1233 4088 1281 4141; x_wconf 79' lang='lat' dir='ltr'>via</span> <span class='ocrx_word' id='word_1_319' title='bbox 1293 4087 1337 4139; x_wconf 82' lang='lat' dir='ltr'>lm·</span> 
     </span>
     <span class='ocr_line' id='line_1_41' title="bbox 280 4159 1339 4290; baseline 0.003 -72"><span class='ocrx_word' id='word_1_320' title='bbox 280 4169 397 4234; x_wconf 78' lang='lat' dir='ltr'>minum,</span> <span class='ocrx_word' id='word_1_321' title='bbox 407 4175 463 4222; x_wconf 83' lang='lat' dir='ltr'>etc.</span> <span class='ocrx_word' id='word_1_322' title='bbox 477 4163 572 4222; x_wconf 88' lang='lat' dir='ltr'>Vides</span> <span class='ocrx_word' id='word_1_323' title='bbox 580 4163 610 4220; x_wconf 91' lang='lat' dir='ltr'>in</span> <span class='ocrx_word' id='word_1_324' title='bbox 620 4165 668 4223; x_wconf 85' lang='lat' dir='ltr'>hia</span> <span class='ocrx_word' id='word_1_325' title='bbox 681 4162 828 4240; x_wconf 77' lang='lat' dir='ltr'>exemplis</span> <span class='ocrx_word' id='word_1_326' title='bbox 835 4162 1045 4225; x_wconf 73' lang='lat' dir='ltr'>nominativum</span> <span class='ocrx_word' id='word_1_327' title='bbox 1053 4181 1161 4224; x_wconf 47' lang='lat' dir='ltr'>*casum</span> <span class='ocrx_word' id='word_1_328' title='bbox 1171 4159 1339 4290; x_wconf 62' lang='lat' dir='ltr'>praeeederg</span> 
     </span>
     <span class='ocr_line' id='line_1_42' title="bbox 280 4241 1289 4336; baseline -0.005 -36"><span class='ocrx_word' id='word_1_329' title='bbox 280 4243 517 4322; x_wconf 82' lang='lat' dir='ltr'>conjunctionem</span> <span class='ocrx_word' id='word_1_330' title='bbox 529 4262 537 4298; x_wconf 77' lang='lat' dir='ltr'>a</span> <span class='ocrx_word' id='word_1_331' title='bbox 549 4241 717 4320; x_wconf 81' lang='lat' dir='ltr'>qui-tamen,</span> <span class='ocrx_word' id='word_1_332' title='bbox 726 4243 794 4300; x_wconf 82' lang='lat' dir='ltr'>eiad</span> <span class='ocrx_word' id='word_1_333' title='bbox 802 4261 924 4302; x_wconf 84' lang='lat' dir='ltr'>sensum</span> <span class='ocrx_word' id='word_1_334' title='bbox 938 4243 1092 4320; x_wconf 80' lang='lat' dir='ltr'>respicias,</span> <span class='ocrx_word' id='word_1_335' title='bbox 1100 4243 1289 4336; x_wconf 82' lang='lat' dir='ltr'>sequidebet.</span> 
     </span>
    </p>
   </div>
   <div class='ocr_carea' id='block_1_16' title="bbox 1406 4203 1409 4252">
    <p class='ocr_par' dir='ltr' id='par_1_17' title="bbox 1406 4203 1409 4252">
     <span class='ocr_line' id='line_1_43' title="bbox 1406 4203 1409 4252; baseline 0 0"><span class='ocrx_word' id='word_1_336' title='bbox 1406 4203 1409 4252; x_wconf 78' lang='lat' dir='ltr'>l</span> 
     </span>
    </p>
   </div>
   <div class='ocr_carea' id='block_1_17' title="bbox 244 4291 1407 4483">
    <p class='ocr_par' dir='ltr' id='par_1_18' title="bbox 244 4291 1407 4483">
     <span class='ocr_line' id='line_1_44' title="bbox 323 4291 1407 4406; baseline -0.005 -25"><span class='ocrx_word' id='word_1_337' title='bbox 323 4333 339 4381; x_wconf 83' lang='lat'>8</span> <span class='ocrx_word' id='word_1_338' title='bbox 361 4320 519 4406; x_wconf 61' lang='lat' dir='ltr'>empirice?</span> <span class='ocrx_word' id='word_1_339' title='bbox 533 4325 656 4396; x_wconf 77' lang='lat' dir='ltr'>digesta,</span> <span class='ocrx_word' id='word_1_340' title='bbox 671 4319 745 4402; x_wconf 79' lang='lat' dir='ltr'>etc]</span> <span class='ocrx_word' id='word_1_341' title='bbox 758 4321 809 4380; x_wconf 81' lang='lat' dir='ltr'>ie.</span> <span class='ocrx_word' id='word_1_342' title='bbox 825 4322 877 4400; x_wconf 86' lang='lat' dir='ltr'>qui</span> <span class='ocrx_word' id='word_1_343' title='bbox 888 4323 947 4396; x_wconf 85' lang='lat' dir='ltr'>illa,</span> <span class='ocrx_word' id='word_1_344' title='bbox 961 4322 1030 4382; x_wconf 84' lang='lat' dir='ltr'>ciun</span> <span class='ocrx_word' id='word_1_345' title='bbox 1044 4323 1235 4400; x_wconf 71' lang='lat' dir='ltr'>digessissem</span> <span class='ocrx_word' id='word_1_346' title='bbox 1244 4321 1274 4380; x_wconf 89' lang='lat' dir='ltr'>in</span> <span class='ocrx_word' id='word_1_347' title='bbox 1290 4291 1336 4387; x_wconf 66' lang='lat' dir='ltr'>iun</span> <span class='ocrx_word' id='word_1_348' title='bbox 1406 4391 1407 4394; x_wconf 7' lang='grc' dir='ltr'><strong>Ἴ</strong></span> 
     </span>
     <span class='ocr_line' id='line_1_45' title="bbox 244 4395 1407 4483; baseline -0.003 -20"><span class='ocrx_word' id='word_1_349' title='bbox 244 4424 252 4431; x_wconf 95' lang='grc'><em>·</em></span> <span class='ocrx_word' id='word_1_350' title='bbox 280 4420 401 4483; x_wconf 78' lang='lat' dir='ltr'>genem,</span> <span class='ocrx_word' id='word_1_351' title='bbox 410 4403 531 4470; x_wconf 82' lang='lat' dir='ltr'>artificio</span> <span class='ocrx_word' id='word_1_352' title='bbox 544 4405 670 4483; x_wconf 77' lang='lat' dir='ltr'>quodam</span> <span class='ocrx_word' id='word_1_353' title='bbox 684 4401 767 4480; x_wconf 81' lang='lat' dir='ltr'>quasi</span> <span class='ocrx_word' id='word_1_354' title='bbox 775 4403 805 4462; x_wconf 88' lang='lat' dir='ltr'>in</span> <span class='ocrx_word' id='word_1_355' title='bbox 819 4421 913 4468; x_wconf 79' lang='lat' dir='ltr'>unum</span> <span class='ocrx_word' id='word_1_356' title='bbox 926 4421 1032 4482; x_wconf 76' lang='lat' dir='ltr'>corpus</span> <span class='ocrx_word' id='word_1_357' title='bbox 1045 4401 1269 4480; x_wconf 75' lang='lat' dir='ltr'>constringeret·</span> <span class='ocrx_word' id='word_1_358' title='bbox 1406 4395 1407 4416; x_wconf 62' lang='lat'><strong>³</strong></span> 
     </span>
    </p>
   </div>
   <div class='ocr_carea' id='block_1_18' title="bbox 0 0 1447 5016">
    <p class='ocr_par' dir='ltr' id='par_1_19' title="bbox 0 0 1447 5016">
     <span class='ocr_line' id='line_1_46' title="bbox 0 0 1447 5016; baseline 0 0"><span class='ocrx_word' id='word_1_359' title='bbox 0 0 1447 5016; x_wconf 95' lang='lat' dir='ltr'> </span> 
     </span>
    </p>
   </div>
  </div>
 </body>
</html>
