2882 5012
527 367 653 436 LIBER
672 371 729 436 111.
749 379 796 440 ⁵9.

183 520 271 586 'diter
284 514 437 581 terribilem
451 515 598 578 minitatur
607 526 673 578 vite
684 527 842 580 cruciatum
853 533 880 578 et
893 539 986 578 necem
994 543 1006 590 ,·

192 611 260 678 Qua
274 615 354 660 acmo
365 613 406 656 eat
420 602 566 670 transfirmo
575 605 700 674 ingenio,
720 616 746 658 et
762 614 841 658 tanta
855 601 1033 672 confidentia,

194 689 270 757 Quia
283 684 412 756 refugiat
423 683 519 738 tintido
533 697 674 753 sanguen,
694 693 781 752 atpae
791 683 953 737 exalbescat
965 691 1051 736 meta.

102 767 220 844 Aliud
244 769 315 854 vis;
337 772 555 848 contentum,
580 765 780 845 vehemens,
805 764 990 840 imminens
1007 762 1154 861 quadam
1171 761 1219 840 iu·

103 868 278 942 citatione
292 863 463 960 gratitatis
470 891 482 949 ;
928 903 930 908 ·

190 971 300 1025 Iterum
316 969 453 1038 Thyestes
467 965 585 1042 Atreum
596 975 753 1022 attractum
767 967 883 1024 advenit
898 985 908 1023 r

190 1051 300 1105 Iterum
307 1047 372 1118 jum
381 1047 553 1117 aggreditur
567 1063 618 1113 me,
640 1057 668 1100 et
681 1040 805 1114 quietum
818 1047 985 1101 exsuscitat.
1024 1049 1026 1056 '

138 1169 140 1174 ,
189 1129 294 1199 Major
306 1128 376 1182 miti
386 1129 480 1193 moles,
493 1125 769 1196 majoentsceotom
783 1136 828 1180 est
839 1125 954 1192 malam,
1016 1125 1019 1130 '

96 1234 102 1242 ¹
194 1206 253 1278 Qui
262 1207 316 1261 itte
326 1207 456 1260 acerbum
467 1221 516 1259 cor
530 1206 701 1260 contundam
715 1205 944 1272 etcamlsrimam.

107 1287 220 1361 Aliud
253 1290 443 1386 voluptas3
467 1289 628 1365 effusum,
654 1287 745 1366 lene,
773 1295 941 1359 tenerum
965 1285 1157 1366 hilaratum,
1182 1309 1220 1357 ac
1356 1389 1360 1392 ⁵
1437 1351 1439 1357 Α

105 1387 322 1472 remissum3
363 1427 366 1433 ·
440 1411 442 1416 ·

191 1492 257 1556 Sed,
276 1494 337 1546 niti
350 1487 410 1548 cum
421 1493 519 1545 tetulit
528 1505 661 1546 eoronam
670 1491 702 1542 ot
713 1491 887 1546 collocandas
900 1490 1025 1558 notitae,
1126 1499 1131 1504 ·

101 1627 106 1634 ᾖ
195 1571 257 1626 Titi
266 1570 408 1639 ferebam
424 1569 492 1626 *cum
502 1569 654 1624 armaturae
661 1585 721 1622 aeae
734 1572 819 1624 atteri
830 1572 908 1624 dore.

194 1649 264 1706 Tam
273 1651 311 1704 od
323 1649 517 1708 relectitando
527 1643 607 1704 docti
620 1657 647 1700 et
660 1645 779 1705 delicati
788 1651 901 1706 deeutit.

107 1733 398 1815 Aliudmolestia;
409 1731 484 1804 sine
500 1732 801 1806 commiseratione
812 1757 913 1828 grave
923 1729 1138 1828 quiddamst
1149 1752 1224 1802 uno

107 1855 234 1929 pressu
243 1855 283 1902 ac
292 1855 379 1916 sono
395 1830 586 1905 obductum
600 1857 610 1914 3

194 1934 257 2004 Qua
273 1941 436 2002 tempestate
450 1929 542 1990 Poris
553 1932 693 1989 Helenam
705 1935 834 2002 innuistis
839 1931 945 2004 junxit
958 1931 1079 2002 nuptiis,

191 2017 256 2082 Ego
272 2025 332 2067 tam
344 2013 476 2083 gravida
486 2012 753 2084 expletisjamsere
765 2015 986 2081 adhortandum
1003 2011 1166 2067 mensibus:

99 2111 104 2118 ·
190 2093 338 2148 Periclem
350 2098 461 2158 tempas
470 2091 649 2160 Polydorum
660 2091 778 2146 Hecuba
784 2100 878 2161 partu
886 2101 1030 2161 postremo
1036 2092 1127 2158 parit.

160 2177 256 2250 LIX.
282 2179 417 2250 Omnes
431 2185 550 2247 autom
565 2177 629 2247 hos
651 2186 769 2248 motus
785 2177 948 2272 subsequi
965 2176 1068 2248 debet
1084 2185 1203 2271 gestus
1218 2203 1229 2260 ;

109 2297 189 2347 non
211 2275 268 2347 hic
284 2277 386 2346 ruha
399 2294 446 2344 ex
471 2271 599 2344 rimens
615 2273 788 2366 scenicus,
813 2274 876 2344 sed
894 2274 1089 2345 universam
1105 2299 1177 2345 rem
1188 2281 1226 2344 et

9 2453 14 2462 ,
106 2372 320 2446 sententiam
333 2379 407 2446 uo'n
432 2299 741 2452 dhmonstrmione,
767 2371 830 2442 sed
847 2369 1098 2468 significatione
1116 2370 1226 2443 decla-

109 2493 199 2552 rans,
224 2470 367 2542 laterum
384 2465 571 2541 inflexione
583 2467 738 2553 hacforti
754 2493 794 2541 ac
810 2467 910 2549 virili,
935 2493 1008 2542 non
1021 2471 1228 2542 auscenses
1309 2463 1317 2476 ’

111 2567 349 2645 histrionibus,
375 2567 437 2638 sed
448 2569 490 2636 ab
499 2567 601 2638 armis
612 2577 674 2639 aut
689 2566 1015 2664 etiamtpalaestra3
1039 2591 1227 2640 menusan-

107 2674 183 2735 tem
192 2663 308 2734 minus
318 2671 450 2759 arguta,
462 2661 577 2756 digitis
587 2666 802 2758 subsequens
811 2667 921 2744 verba,
932 2689 1005 2736 non
1016 2667 1227 2760 exprimens3

109 2762 288 2833 brachium
310 2758 487 2858 procerius
500 2761 702 2856 projectum,
728 2759 824 2856 quasi
837 2760 1010 2856 quoddam
1026 2762 1137 2832 telum
1157 2785 1228 2832 ora-

110 2859 241 2944 tionis3
265 2856 445 2956 supplosio
461 2857 563 2954 pedis
580 2857 617 2932 in
642 2857 927 2932 contentionibus
946 2865 1005 2931 aut
1021 2855 1226 2954 incipiendis

109 2967 172 3029 aut
186 2957 358 3029 finiendis.
409 2955 478 3026 Sed
495 2951 530 3028 in
551 2979 609 3028 ore
632 2965 715 3030 sunt
735 2957 875 3041 omnia3
899 2957 937 3030 in
962 2982 1002 3028 eo
1017 2967 1132 3028 autem
1153 2954 1229 3050 ipso

109 3055 310 3145 dominatus
324 3061 377 3126 est
386 3054 499 3126 onmis
512 3055 708 3127 oculorum:
719 3053 792 3152 qui>
804 3055 927 3127 melius
938 3053 1049 3130 nostri
1059 3053 1104 3125 illi
1116 3075 1228 3133 senes,

1 3175 2 3180 ¹
108 3152 172 3249 qui
184 3160 410 3246 personatum
421 3165 469 3223 ne'
477 3153 642 3226 Roscium
652 3153 794 3249 quidem
805 3175 1017 3250 magnopere
1026 3151 1228 3234 laudatarum

109 3249 217 3320 animi
229 3257 283 3321 est
299 3249 393 3322 enim
404 3249 518 3322 omnis
534 3251 635 3332 actio,
659 3259 698 3322 et
709 3250 821 3346 imago
838 3249 943 3323 animi
960 3250 1074 3322 vultus
1090 3258 1155 3329 est,
1180 3248 1229 3323 in·

110 3346 210 3434 dices
228 3345 333 3420 oculi.
393 3347 486 3418 Nam
497 3347 576 3420 haec
593 3361 729 3442 estona
747 3373 820 3444 pars
835 3347 997 3446 corporis,
1022 3371 1116 3444 quse,
1140 3355 1230 3443 quot

109 3444 215 3517 animi
232 3454 350 3518 motus
372 3453 467 3527 sunt,
502 3454 558 3519 tot
585 3443 854 3542 significationes
880 3462 913 3520 et
939 3445 1229 3519 commutationes

106 3539 216 3638 possit
244 3543 404 3614 efficere:
439 3566 557 3638 neque
582 3541 663 3614 vero
693 3561 747 3622 est
771 3539 964 3644 quisipuam
989 3543 1049 3640 qui
1077 3542 1229 3618 ⁷eadem

110 3651 286 3714 contuens
303 3639 437 3712 efficiat.
463 3641 727 3736 Theophrastus
744 3643 885 3738 quidem
903 3645 1110 3715 Tauriscum
1121 3666 1230 3738 quen·

109 3737 189 3808 dam
206 3736 293 3808 dixit
317 3746 472 3814 actorem
487 3761 644 3810 anasum
662 3738 804 3812 solitum
820 3764 898 3816 esse
914 3740 1043 3822 dicere,
1067 3741 1126 3838 qui
1143 3740 1183 3812 in
1198 3765 1229 3810 a

110 3833 240 3928 gendo,
267 3845 441 3934 contuens
453 3833 595 3930 aliquid,
611 3837 862 3934 pronuntiaret.
912 3837 1033 3920 Quare
1049 3839 1229 3913 oculorum

46 3973 48 3982 ‚
105 3932 130 4020 ,3
142 3940 332 4032 estmagni
344 3931 551 4004 moderatio:
576 3958 657 4008 uam
674 3934 824 4012 orisnun
836 3943 890 4006 est
903 3935 1052 4010 nimium
1066 3932 1231 4010 mutanda

101 4091 104 4098 ,
150 4057 168 4110 7
183 4056 280 4110 eodem
295 4058 450 4133 contuens]
472 4055 490 4113 i.
502 4075 528 4113 e.
542 4055 568 4113 is
577 4067 682 4126 orator,
696 4056 748 4132 qui
762 4059 862 4116 oculos
878 4077 947 4121 suos
968 4060 998 4120 in
1017 4061 1124 4120 iisdem
1142 4059 1231 4132 rebus

107 4130 220 4202 diutius
235 4131 310 4190 fixos
322 4136 416 4202 habet,
439 4153 498 4194 non
520 4135 628 4210 poterit
649 4135 768 4194 efficere
782 4137 876 4196 oculis
895 4153 938 4200 tot
951 4137 1178 4216 significationes
1200 4151 1233 4198 et

107 4210 364 4278 commutationes,
379 4225 449 4290 quot
460 4215 490 4274 in
504 4215 601 4272 animo
620 4215 704 4272 habet
718 4227 838 4274 motus:
858 4225 945 4293 paulo
961 4217 1037 4275 infra
1049 4219 1160 4276 Noster
1180 4236 1232 4276 eo·

107 4292 178 4347 dem
193 4299 284 4348 sensu
300 4291 382 4360 dicit,
396 4309 530 4351 contuens
550 4294 666 4365 aliquid,
685 4293 703 4350 i.
715 4309 740 4348 e.
756 4299 859 4354 oeulos
878 4298 908 4357 in
923 4317 955 4356 re
966 4315 1021 4354 una
1038 4297 1187 4354 haerentes
1200 4309 1231 4358 et

107 4367 195 4444 quasi
208 4383 425 4436 commorantes
441 4377 559 4431 habens.

150 4454 167 4502 8
183 4461 226 4502 eet
241 4467 347 4522 magna
361 4455 517 4508 moderatio
531 4457 557 4529 .·]
580 4453 747 4510 Moderatio
770 4454 820 4512 hic
833 4455 913 4514 idcm
932 4466 978 4513 cst
989 4457 1024 4514 ad
1034 4459 1229 4530 gubernatio:

105 4527 196 4601 paulo
205 4541 271 4588 ante
287 4521 515 4590 dicitur‘eodem
529 4549 628 4601 sensu,
640 4535 671 4587 ia
685 4551 733 4590 ore
745 4538 906 4592 dominatus
917 4547 960 4592 eet
974 4539 1064 4594 omnia
1078 4539 1232 4595 oculorum.

655 4614 683 4670 Ο
697 4631 716 4669 o
