2808 5020
227 357 281 412 rto
451 377 455 384 ·
648 351 707 412 DE
725 351 929 414 omont:

226 521 314 598 quos
330 505 424 594 eget,
441 505 480 572 ut
491 495 561 580 eos,
611 499 810 600 uocumque
821 498 917 580 velit,
932 497 988 570 vel
1002 497 1138 572 trahere
1150 495 1335 594 velr'apere

224 595 345 765 possit,
358 595 444 669 nihil
458 523 615 695 protecti
627 598 855 698 praetereuad
868 592 1221 691 dicendumrequiret.
1252 595 1334 666 lem

222 717 235 766 r
250 693 311 766 lud
324 694 488 779 videmus,
512 697 549 770 N
550 721 747 794 equapuam
760 696 846 769 satis
861 717 950 774 esse,
965 693 1115 788 reperire
1130 689 1215 788 quid
1224 691 1332 773 dicas,

224 789 292 866 nisi
315 791 349 864 id
377 793 560 868 inventum
578 803 727 870 tractare
742 791 871 892 possis:
897 791 1065 863 tractatio
1094 799 1213 864 autem
1240 789 1336 880 reric

224 913 303 962 esse
318 889 432 975 debet,
450 917 496 970 ne
513 900 577 966 aut
593 901 786 992 cognoscat
801 900 915 965 artem
931 886 994 986 qui
1018 887 1149 968 audiat,
1165 896 1230 960 eut
1246 887 1335 960 deta·

221 985 353 1084 tigetur
364 989 596 1065 similitudinis
612 992 776 1064 satietate.
826 985 980 1085 Proponi
992 994 1142 1083 oportet,
1155 984 1241 1080 quid
1257 985 1336 1058 affe

221 1105 294 1158 rus:
318 1097 355 1160 et
369 1087 406 1162 id
417 1112 523 1185 quare
534 1088 582 1162 itu
597 1090 655 1171 sit,
670 1088 877 1163 ostendere:
903 1094 941 1158 et
960 1107 1005 1158 ex
1026 1082 1148 1157 iisdem
1161 1081 1230 1156 illis
1246 1081 1337 1158 locis

222 1179 398 1261 interdum
424 1184 648 1272 concludere,
676 1186 873 1282 relinquere
888 1183 984 1266 elide,
1012 1180 1153 1279 alioque
1168 1180 1339 1254 transire:

224 1301 323 1376 soepe
335 1306 408 1354 non
422 1305 614 1380 proponere
629 1305 669 1354 ac
679 1283 813 1358 ratione
825 1282 898 1378 ipss
912 1281 1102 1363 afferenda,
1118 1279 1203 1377 quid
1216 1301 1338 1375 propo

223 1378 380 1452 nendrnn
395 1378 511 1461 fuerit,
535 1379 726 1452 declarare:
764 1377 792 1451 si
808 1378 865 1451 cui
884 1377 970 1475 quid
986 1377 1098 1450 simile
1121 1377 1226 1457 diors
1243 1375 1341 1473 priris
1363 1383 1366 1386 ’

224 1485 267 1550 ut
279 1475 391 1550 simile
404 1478 610 1561 confirmes3
634 1477 771 1558 deinde,
782 1475 877 1574 quod
889 1474 1012 1572 agitur,
1023 1473 1203 1570 adjungas:
1228 1497 1341 1572 punc

222 1579 261 1648 ts
275 1585 558 1672 argumentorum
573 1575 778 1676 plerumque
801 1583 842 1648 ut
867 1572 1019 1655 oeeulas,
1047 1597 1094 1646 ne
1109 1571 1187 1670 quis
1215 1595 1258 1643 eo
1273 1596 1342 1646 nu·

221 1695 353 1842 rngrare
366 1673 497 1771 possit;
519 1683 563 1748 ut
590 1698 627 1748 re
644 1673 914 1774 distinguantur,
941 1669 1055 1746 verbis
1082 1667 1227 1747 confuse
1259 1691 1342 1740 esse

225 1793 259 1844 vr
284 1781 422 1845 cuntur.

275 1867 398 1944 XLll.
423 1869 516 1945 Hrsc
533 1881 575 1946 ut
592 1882 629 1946 et
644 1897 707 1970 pro
751 1895 845 1952 rans,
866 1881 904 1944 et
926 1867 1020 1980 apud
1033 1867 1169 1948 doctos,
1192 1862 1340 1938 etsemi·
1387 1863 1388 1906 l

224 1963 350 2037 doctus
362 1966 435 2060 ipse
449 1991 624 2062 percurro,
637 1981 676 2040 ut
721 1961 1337 2066 iquandoudrllamajorsveniamus.

224 2059 322 2136 Nilril
338 2071 391 2134 est
408 2063 555 2136 enimin
572 2064 731 2146 dicend0‚
748 2063 886 2144 Catule,
899 2061 1020 2158 majus,
1043 2063 1213 2158 qusmwur
1227 2059 1340 2133 invest

223 2158 407 2242 oratoriis,
436 2158 495 2264 qui
507 2161 634 2243 audiet,
651 2170 763 2258 utque
787 2161 862 2259 ipse
877 2160 1128 2241 demorentur,
1143 2168 1196 2232 ut·
1208 2158 1339 2258 impetu

224 2257 378 2354 quodam
392 2259 498 2333 animi
519 2268 557 2332 et
582 2261 841 2360 perturbatione
869 2257 988 2356 magis,
1004 2260 1113 2356 qudrn
1124 2255 1259 2354 judicio
1281 2262 1339 2328 out

224 2357 371 2430 consilio
386 2366 544 2452 regatur:
570 2358 673 2453 plura
684 2358 779 2430 enim
791 2358 904 2430 multo
915 2354 1339 2452 hominesjudicsntodio,

222 2461 285 2530 sut
299 2476 432 2534 amore,
456 2462 515 2532 aut
543 2453 743 2550 eupiditate,
770 2463 831 2526 aut
848 2451 1042 2535 iracundia,
1057 2464 1121 2527 aut
1136 2453 1268 2535 dolore,
1284 2462 1341 2524 aut

223 2547 356 2636 letitia,
372 2557 434 2621 aut
450 2573 523 2649 spe,
540 2557 599 2624 aut
614 2549 750 2632 timore,
762 2552 851 2623 6aut
866 2573 991 2632 errore,
1006 2560 1067 2628 cut
1082 2550 1196 2648 aliqua
1210 2573 1339 2650 permo

222 2644 320 2720 tione
336 2645 475 2730 mentis,
488 2649 595 2744 quem
610 2648 767 2730 veritate,
784 2657 847 2722 aut
860 2649 1074 2747 proescripto
1091 2660 1153 2726 eut
1167 2649 1254 2747 juris
1267 2671 1341 2722 nor

226 2766 284 2824 mu
298 2743 423 2841 eliqua,
440 2758 506 2820 aut
522 2744 637 2822 ‘udicii
663 2746 898 2828 sororisant
927 2748 1069 2846 legibus.
1097 2807 1103 2818 .
1118 2749 1258 2832 Quare,
1277 2742 1339 2820 nisi

222 2841 310 3014 pprid
322 2771 716 2940 vohisnliudplscetad
728 2843 787 2916 illa
801 2869 864 2941 per
886 2868 996 2920 arnus.
1046 2844 1208 2923 Paulum,
1224 2841 1340 2940 inquit

242 2941 386 3021 ‘stolus
415 2941 524 3015 etiarn
547 2966 646 3016 nunc
675 2942 795 3014 deesse
822 2871 957 3017 videtur
985 2939 1027 3012 iis
1051 2941 1167 3020 rebus,
1192 2937 1341 3021 Antoni,

224 3061 311 3136 quas
327 3038 531 3139 exposuisti,
562 3041 657 3142 quod
673 3040 719 3112 sit
744 3038 806 3115 tibi
833 3047 920 3112 ante
941 3035 1205 3136 explicandus,
1229 3035 1339 3134 quern

139 3218 148 3228 ⁶
226 3136 313 3212 illuc
324 3137 556 3234 proficiscare,
566 3135 639 3236 quo
652 3136 779 3216 tedicis
790 3136 984 3213 intendere.
1000 3131 1339 3233 Quidnemiinquit.

224 3233 302 3315 Qui
312 3235 399 3308 ordo
407 3235 741 3334 tibiplocers,inquit
750 3235 952 3318 Catulurcet
960 3257 1043 3333 quae
1053 3231 1237 3332 dispositio
1245 3257 1338 3331 argu·

221 3339 438 3412 mentorum,
454 3333 492 3406 in
509 3343 636 3430 quatu
648 3333 730 3410 mihi
741 3357 878 3432 semper
890 3335 976 3408 deur
990 3332 1097 3406 videri
1114 3331 1213 3406 soler.
1239 3331 1336 3409 Vide,

225 3430 334 3528 quern
350 3430 415 3512 sim
430 3430 469 3503 in
484 3430 691 3527 istogenere,
707 3432 834 3536 inquit,
844 3432 985 3516 Catule,
1000 3431 1106 3506 durs:
1123 3454 1200 3506 non
1209 3429 1335 3506 meher-

226 3569 273 3626 ατί
285 3581 389 3635 eorum,
404 3569 455 3637 rui
466 3567 612 3637 audirent,
624 3569 667 3626 sic
676 3567 860 3633 afflarentur
871 3572 968 3640 ammi,
979 3583 1014 3628 ut
1026 3569 1157 3646 eoecfficr'
1167 3573 1255 3630 vellet
1267 3571 1335 3627 ora·

216 3654 283 3706 rior.
304 3642 408 3720 Vulgo
421 3645 533 3722 officiet.
1055 3681 1057 3690 ι
1313 3677 1315 3684 ,

268 3728 348 3788 &²¹⁶²
361 3741 470 3796 errore,
483 3737 534 3784 aut
552 3729 648 3799 aliquo
664 3726 859 3808 permotione]
874 3728 990 3790 Habent
1012 3727 1095 3792 Msti
1117 3729 1193 3790 Nor.
1211 3739 1244 3789 et
1257 3727 1334 3803 Mag.

228 3815 352 3868 terrore,
366 3815 396 3868 et
405 3803 514 3896 Cicero
527 3805 598 3868 dicit
608 3805 637 3864 in
651 3807 742 3865 Tusc.
763 3805 848 3884 Disp.
862 3806 903 3867 rii
917 3816 942 3866 Β.
958 3811 1088 3870 timorem
1097 3819 1129 3868 et
1136 3824 1277 3868 terrorem
1287 3809 1335 3866 du·

226 3900 261 3950 se
274 3897 341 3940 esse
357 3897 471 3954 spectes
484 3886 731 3958 perturbationum
744 3907 753 3942 z
774 3886 897 3950 Interim
907 3905 966 3950 vox
977 3907 1075 3948 errore
1082 3888 1203 3950 omnino
1214 3887 1335 3948 retinen·

227 3963 265 4022 da
287 3960 424 4030 videtur;
445 3962 577 4039 sequitur
594 3965 675 4031 enim
699 3965 784 4037 quem
807 3969 941 4029 ueritate.
981 3969 1021 4029 Et
1033 3967 1074 4030 ite
1085 3971 1198 4030 Noster
1210 3967 1241 4026 in
1261 3970 1334 4028 Part.

227 4043 314 4102 Orac
338 4059 364 4106 c·
385 4045 425 4100 11.
445 4042 637 4117 Permanere,
652 4046 714 4110 edm
735 4057 785 4104 aue
806 4050 984 4116 oblinimus
998 4067 1090 4120 error,
1109 4062 1159 4109 out
1179 4055 1334 4116 metumtot

226 4124 323 4194 pls'qua
339 4124 505 4190 cuflidt'tatt'r
519 4142 618 4188 caussa
630 4129 802 4197 permovit.-
822 4138 853 4186 et
864 4126 896 4186 in
910 4129 1036 4192 Oratore
1047 4149 1073 4188 c.
1089 4135 1135 4188 33.
1149 4132 1220 4189 nita
1229 4131 1334 4200 deper-

227 4204 440 4262 turhationibus
451 4203 587 4272 animun
602 4206 759 4274 erroribus,
772 4218 828 4268 etc.
869 4203 970 4278 Pone,
984 4211 1143 4270 notandum
1165 4218 1211 4268 est
1234 4219 1334 4266 vocem

227 4283 325 4356 aliqua
336 4281 416 4339 idem
430 4279 479 4344 hic
493 4283 591 4351 valere
602 4302 635 4344 ac
649 4286 710 4349 ulld
723 4289 769 4344 vel
785 4286 887 4357 aliqud
898 4288 973 4350 olid.-
994 4287 1045 4346 Sic
1058 4287 1088 4348 in
1102 4308 1128 4346 c.
1149 4296 1177 4346 4.
1192 4291 1243 4363 qui
1255 4305 1284 4344 re
1293 4300 1333 4340 ce·

224 4370 463 4441 perstate-maus
483 4365 605 4434 denique
618 4367 648 4427 in
670 4367 766 4443 aliquo
782 4383 890 4440 genere
903 4380 952 4426 aut
965 4368 1147 4426 inconcinnus
1168 4379 1220 4425 aut
1234 4367 1332 4443 multip

227 4451 284 4508 We
299 4441 325 4494 ⁸⁹⁸
338 4443 455 4508 inepta,
466 4444 598 4504 dicitur:
617 4456 647 4504 et
656 4464 681 4502 c.
700 4451 740 4504 11.
757 4450 828 4520 quid
837 4445 897 4516 trib,
911 4452 980 4520 quid
986 4445 1079 4522 grati,
1090 4447 1161 4524 quid
1168 4448 1331 4508 humentem

227 4521 301 4601 quid
313 4520 433 4602 denum
447 4541 512 4588 cum
526 4521 622 4613 al'upud
634 4529 871 4606 virtutesecerit,
881 4538 937 4593 etc.
