2854 5016
530 403 656 474 LIBER
675 404 700 465 1.
722 409 765 468 tt:
1132 413 1167 466 21

99 559 181 632 caut
193 551 322 638 Greci,
347 551 377 628 ai
393 547 531 628 uolunt,
550 551 758 643 Lycurgum
772 549 1010 629 autSoionem
1034 551 1169 649 (quam.

27 677 31 686 ·
97 671 206 748 quam
224 653 307 728 illos,
328 648 474 746 quidem
501 657 688 720 censemus
709 649 747 720 in
760 670 904 724 numero
927 649 1169 746 eloquentium

90 749 342 848 reponendos)
367 745 473 824 scisse
487 742 623 826 metius,
647 747 758 840 quern
774 744 985 840 Hyperidem
1010 759 1073 822 aut
1097 749 1168 822 De·

96 849 331 927 mosthene,
349 841 523 940 perfectos
534 841 604 938 jam
617 839 778 918 honnnes
790 842 826 918 in
841 841 992 916 dicendo
1004 855 1042 920 et
1053 871 1170 944 perpe

97 943 182 1022 litos
198 972 206 1018 :
231 943 283 1018 vel
295 952 435 1023 nostros
449 940 676 1024 decemviros,
692 941 752 1038 qui
770 941 843 1018 XII
858 941 997 1017 tabuhc
1008 944 1170 1040 perscrip

96 1051 231 1125 serunt,
248 1063 340 1140 quos
357 1058 503 1124 necesse
518 1047 574 1116 est
602 1039 710 1116 fuisse
726 1039 931 1138 prudenter,
954 1049 1170 1137 anteponant
1224 1069 1228 1076 ·

95 1139 134 1221 iu
150 1140 218 1220 hcc
229 1163 361 1236 genere
374 1145 419 1222 et:
428 1137 572 1216 ¹Servi0
585 1135 710 1218 Gutus
723 1147 760 1214 et
773 1161 894 1212 socero
909 1146 973 1212 tuo
987 1136 1029 1212 C.
1043 1140 1172 1222 Lcelio,¹

94 1263 188 1335 quos
213 1245 352 1316 contat
374 1235 516 1314 dicendi
546 1237 654 1331 gloria
688 1236 900 1334 prestitisse.
966 1235 1170 1335 Numquam

96 1337 193 1416 enirn
208 1337 343 1434 negabo
357 1360 441 1415 erse·
450 1335 616 1432 quasdam
631 1342 723 1410 ortes
745 1335 895 1434 proprias
908 1360 1040 1417 corun
1056 1336 1170 1433 quiin

94 1432 135 1510 ite
160 1433 417 1532 cognoscendis
439 1441 546 1532 atquc
567 1434 755 1512 tractandis
771 1435 926 1511 studium
947 1459 1172 1509 suuunomne

93 1543 287 1628 posununt
297 1565 307 1620 ;
331 1534 394 1614 sed
412 1541 582 1610 oratorem
596 1533 741 1630 plemnn
757 1543 863 1629 atque
881 1531 1076 1628 perfeetum
1092 1553 1171 1606 ease

94 1632 313 1803 energicam,
338 1633 400 1734 qui
414 1631 457 1708 de
482 1632 642 1710 omuibus
655 1633 757 1710 rebus
770 1630 884 1729 possit
905 1630 996 1704 varie
1011 1628 1168 1727 copiose-

120 1753 167 1806 ue
219 1757 311 1811 uere.
383 1775 389 1782 ¹·
683 1808 685 1812 ,

93 1754 118 1825 q
143 1827 247 1903 XIV.
274 1830 421 1908 Etenim
438 1851 538 1923 stepo
552 1830 592 1900 in
606 1828 654 1900 iis
669 1827 810 1903 caussis,
835 1849 923 1917 quas
946 1849 1073 1896 omnes
1094 1837 1171 1918 pro·

94 1923 279 2020 prinsecus
306 1925 723 2007 oratorumeonfitentrn,
742 1918 957 2009 ost-aliquid,
986 1918 1081 2014 quod
1096 1943 1172 1996 non

94 2041 223 2098 exusu
238 2017 382 2093 forensi,
406 2012 642 2109 quarn-solum
664 2013 863 2104 oratoribus
881 2015 1084 2098 conceditis,
1108 2017 1171 2092 sed

92 2140 140 2195 ex
153 2113 352 2194 obscuriore
365 2108 482 2207 ulique
505 2109 656 2190 scientia
671 2110 717 2186 sit
742 2111 975 2208 promendum
997 2115 1058 2186 2et
1073 2139 1171 2190 assu.
1204 2145 1212 2154 ·

93 2213 271 2292 mendum·
323 2211 463 2292 Quaero
483 2209 590 2290 enim,
613 2234 699 2287 num
716 2211 826 2312 possit
848 2220 911 2284 aut
923 2221 1045 2284 contra
1065 2213 1171 2310 impe-

93 2321 255 2393 ratorem,
279 2316 339 2384 aut
352 2332 414 2406 pro
432 2307 636 2406 imperatore
664 2307 733 2383 dici
752 2307 827 2382 siue
853 2307 903 2383 rei
920 2309 1076 2386 militaris
1093 2336 1171 2395 usu,

94 2419 154 2482 ant
164 2432 263 2506 :sepe
277 2408 384 2480 etiam
398 2405 474 2480 sine
488 2407 672 2504 regionum
688 2405 901 2482 terrestrium
911 2415 971 2480 aut
984 2408 1171 2492 maritima«,

92 2533 174 2585 rurn
187 2504 359 2586 scientia?
383 2507 577 2603 nurnapud
594 2506 759 2604 popuium
783 2504 827 2580 de
850 2506 983 2602 legibus
1002 2506 1169 2603 jubendis

93 2615 156 2690 aut
176 2603 363 2684 vetandis?
386 2629 474 2684 nuru
498 2605 536 2676 in
555 2617 681 2680 senatu
704 2605 750 2681 de
766 2605 862 2678 oruni
880 2605 1095 2702 Reipublicae
1113 2631 1169 2702 ge

93 2728 184 2786 nere
200 2703 268 2779 diei
284 2704 360 2776 sine
378 2727 512 2782 summa
522 2727 640 2779 rerum
656 2702 810 2778 civilirnn
826 2703 1027 2797 cognitione
1045 2714 1081 2776 et
1092 2729 1173 2800 pru·-

93 2799 244 2882 dentia?
268 2825 356 2880 num
378 2801 554 2882 adrnoueri
583 2801 691 2898 possit
707 2799 870 2874 oratioad
893 2824 1015 2875 sensus
1037 2801 1168 2876 enimo-
1243 2831 1259 2874 .'

93 2925 175 2980 rum
186 2909 292 2998 atque
300 2909 429 2982 motus,
440 2900 495 2978 vel
506 2899 772 2979 inflammandos
785 2898 838 2972 vel
850 2897 953 2974 etium
964 2898 1175 2994 extinguens
1197 2944 1202 2954 ·

95 2999 167 3077 dos·
178 2999 287 3096 (quod
300 3024 412 3080 unum
428 2998 466 3078 in
477 3010 613 3076 oratore
625 2998 848 3090 dominatur),
861 2997 936 3076 sine
949 2997 1176 3094 diligentissi-

94 3123 151 3174 rnu
179 3098 467 3194 pervestigatione
491 3121 609 3174 earum
637 3096 996 3176 commotionum,
1021 3115 1106 3184 quae
1124 3093 1168 3167 de

95 3195 231 3272 nuuris
247 3196 389 3276 humani
407 3196 544 3291 generis
561 3221 603 3268 ac
619 3195 771 3268 moribus
796 3195 817 3264 ὲ
834 3187 1167 3288 philosophisvexpli·

95 3291 248 3366 cuntur?
263 3292 391 3388 -Atque
408 3293 501 3369 haud
518 3295 602 3372 scio,
627 3317 675 3368 an
684 3290 802 3364 minus
818 3286 885 3356 hoo
903 3285 995 3360 vohis
1007 3286 1074 3366 sim
1090 3315 1165 3387 pro
1196 3339 1198 3344 -

94 3391 242 3466 baturus
253 3414 268 3472 ς
288 3389 454 3483 squidem
482 3411 556 3462 non
583 3384 752 3466 dubitabo,
777 3383 871 3480 quod
888 3384 1012 3466 sentio,
1030 3385 1166 3460 dicere:
1193 3435 1196 3444 ·

92 3485 114 3541 ’3
123 3482 279 3584 Physica
294 3483 362 3558 istu
376 3484 462 3580 ipsa,
485 3493 521 3559 at
538 3483 796 3564 Mathematicn
811 3494 848 3559 et
860 3505 944 3580 quae
966 3484 1069 3579 puolo
1083 3497 1167 3563 unte
1271 3495 1273 3502 ⁴

97 3680 204 3749 delati,
217 3683 326 3743 Dicent
338 3681 441 3746 Gnaei,
454 3681 480 3736 ai
487 3685 656 3750 veluuoetc.
667 3676 686 3737 i.
699 3699 726 3738 e·
734 3680 784 3744 isti
793 3663 896 3744 Graeci
907 3678 1091 3756 Philosophi,
1099 3679 1167 3758 qut·

98 3779 168 3820 cunr
178 3761 306 3820 Crassus
321 3757 448 3819 Athenis
461 3759 652 3822 disseruerat.

96 3847 153 3984 adt
174 3843 272 3900 servio
284 3836 392 3918 Galba]
404 3838 487 3904 hosti
496 3841 567 3905 nod.
579 3841 820 3904 succutaneus
830 3841 948 3900 Seruio:
962 3839 1027 3900 ride
1037 3843 1163 3902 Emcnd.

143 3917 175 3980 ii.
191 3924 236 3976 us.
544 3963 546 3971 ,

137 4003 155 4054 2
169 4011 200 4056 at·
212 3997 422 4078 numadum]
435 3998 519 4059 Msui
532 4001 615 4078 Cant.
627 3999 785 4064 Nartes.
795 4000 875 4060 lom·
892 4001 975 4077 Mag·
985 4004 1061 4060 Nor.
1075 4001 1164 4072 Wag.

97 4078 194 4140 Gcnr.
215 4081 316 4138 Meed.
330 4093 360 4138 ct
383 4081 465 4142 Harl.
479 4081 548 4151 duo,
561 4081 694 4159 rumque
707 4079 849 4142 editiones
874 4080 1100 4156 quamplurimae
1116 4079 1166 4134 ha-

98 4161 457 4234 benturquecumeudom.
722 4191 724 4197 ,
1095 4197 1097 4202 -

139 4245 155 4296 3
170 4242 296 4312 Physica
312 4242 369 4297 iata
379 4241 486 4308 φησι
500 4234 730 4319 coenantes]
746 4241 833 4302 Hunc
851 4239 985 4301 utitinam
1008 4235 1166 4300 verborum

101 4319 182 4380 Msti
191 4321 252 4378 aar.
267 4331 297 4378 et
308 4319 392 4378 Harl.
404 4325 430 4376 2.
446 4333 588 4388 sonante
599 4340 655 4381 nec
670 4320 754 4382 aliter
767 4321 833 4380 fere
845 4339 878 4378 se
891 4321 978 4376 habet
991 4311 1081 4372 editio
1101 4313 1167 4374 Ma·

100 4397 180 4460 curii.
219 4397 321 4477 vorge
335 4397 453 4478 iegitur,
466 4403 589 4474 Physica
601 4404 656 4461 istu
674 4402 748 4476 apua,
757 4421 815 4475 pun
829 4401 917 4470 naulo
926 4407 1003 4464 onte,
1015 4405 1041 4450 et
1052 4395 1175 4458 Moches
