2854 5016
507 671 744 774 FORMA
781 673 1031 772 OPERIS.

714 937 837 970 -eeo-

261 1161 264 1166 ,
309 1101 336 1160 T
351 1118 391 1158 ex
405 1100 492 1161 hisce
506 1102 593 1163 libris
606 1103 749 1179 legendis
759 1105 893 1184 majores
907 1106 1025 1166 fructus
1040 1105 1153 1166 Lector
1163 1101 1327 1184 percipiat,¹

325 1197 384 1238 non
395 1181 502 1240 inutile
517 1183 634 1242 credidi
649 1185 724 1255 fore,
737 1185 830 1243 totius
840 1186 954 1262 Operis
969 1186 1097 1244 formam
1108 1197 1139 1244 ct
1148 1186 1234 1264 quasi
1244 1187 1327 1264 figu-

220 1275 286 1317 rem
297 1261 431 1320 breviter
440 1263 619 1340 depingere.
660 1265 709 1323 De
725 1267 891 1325 Rhetorica
900 1265 1011 1326 Cicero
1020 1265 1157 1323 omniurn
1172 1267 1327 1324 Romanoa

219 1355 288 1429 ripn
299 1342 571 1418 eloquentissimus
585 1343 677 1403 tradit
691 1359 864 1423 precepta
884 1366 988 1406 necea
1002 1345 1137 1422 quidem,
1151 1347 1327 1406 Raetorum

219 1421 350 1478 aliorum
365 1441 461 1496 nrore,
476 1427 555 1482 nuda
569 1437 601 1483 et
614 1425 750 1484 inornata
773 1425 872 1496 tradit,
886 1429 941 1486 sed
955 1427 1089 1485 oratione
1112 1425 1155 1484 ita
1168 1425 1280 1495 limata,
1291 1437 1328 1485 et

219 1498 357 1560 doctriua
366 1501 407 1562 ita
418 1502 546 1572 liberali,
559 1517 593 1564 ut
605 1504 684 1562 scias
699 1505 801 1580 ipsum
815 1507 846 1566 id
856 1520 1032 1566 assecutum
1046 1525 1126 1576 esse,
1139 1506 1220 1582 quod
1232 1508 1330 1566 vellet

218 1578 482 1670 aliispraecipere.
524 1587 711 1662 Plerumque
737 1587 787 1656 sit,
810 1599 928 1646 utcum
956 1583 1070 1645 invidia
1098 1585 1247 1652 audiatur,
1270 1584 1328 1662 qui

211 1657 285 1744 alus
308 1661 449 1738 praecipit
462 1684 470 1720 e
505 1663 558 1742 qui
571 1665 654 1724 enim
669 1683 722 1724 eos
736 1679 864 1725 conatur
887 1669 1009 1735 docere,
1029 1685 1062 1723 se
1077 1665 1114 1723 iis
1130 1666 1328 1742 superiorem

215 1736 282 1793 fore
298 1738 328 1797 in
343 1759 391 1808 eo,
404 1745 485 1820 quod
498 1745 598 1812 docet,
612 1745 787 1822 pollicetur.
828 1749 915 1808 Hanc
927 1748 1023 1826 igitur
1034 1745 1181 1804 invidiam
1193 1746 1210 1802 ὲ
1224 1763 1256 1802 se
1271 1743 1328 1802 Ci-

216 1833 287 1876 cero
309 1821 441 1881 artificio
455 1827 586 1900 quodam
607 1827 749 1898 removit,
775 1847 882 1905 quum,
909 1831 964 1888 sub
986 1825 1126 1902 personis
1151 1827 1192 1882 L..
1214 1821 1327 1882 Licinii

216 1897 322 1952 crassi
341 1915 375 1950 ee
385 1903 430 1950 M.
442 1903 566 1950 Aneonis
581 1907 725 1966 Nassete,
736 1921 892 1981 oratorum
905 1906 1071 1972 superioris
1083 1906 1197 1966 Saeculi
1212 1903 1330 1980 princi·

215 1989 302 2046 pum,
315 1989 402 2028 suam
417 1973 454 2026 de
470 1970 653 2050 Eloquentia
681 1981 863 2026 sententram
884 1971 1060 2044 explicavit.
1100 1985 1157 2029 His
1183 1983 1328 2040 «ensibus

216 2052 293 2108 duos
306 2050 437 2126 juvenes
447 2049 610 2126 forumque
624 2048 675 2108 vix
703 2048 870 2123 ingressos,
898 2051 1018 2108 Cottam
1034 2061 1064 2108 et
1080 2051 1254 2126 Sulpitium,
1274 2073 1332 2116 co.

209 2129 308 2189 'mites
323 2129 482 2207 adjunxit:
504 2131 672 2205 prudenter
692 2127 838 2205 quidem:
859 2129 919 2187 nisi
934 2130 1018 2190 enim
1040 2130 1071 2188 in
1087 2134 1164 2188 hanc
1186 2133 1329 2210 ‹lisputa-

215 2209 333 2270 tionem
343 2209 610 2277 venissentSenes,
627 2208 736 2268 minus
746 2209 935 2269 auctoritatis
954 2209 1158 2286 etgravitatis
1177 2215 1328 2278 haberent
1416 2279 1417 2300 ἶ

215 2310 262 2361 ea,
272 2310 340 2367 quae
351 2293 614 2368 praeciperentur;
636 2304 667 2350 et
681 2291 742 2350 nisi
755 2293 889 2350 iuvenes
903 2293 1056 2361 adessent,
1067 2290 1121 2368 qui
1135 2304 1167 2350 et
1180 2293 1328 2355 audiendi

216 2371 321 2447 cupidi
336 2384 449 2442 essent,
464 2385 496 2431 et
508 2373 644 2430 nondum
659 2371 732 2429 satis
743 2390 801 2430 usu
817 2370 931 2430 forensi
950 2370 1102 2430 instructi.
1145 2373 1241 2432 Senes
1262 2395 1327 2437 nou

190 2443 192 2456 '
214 2452 390 2528 potuissent
414 2455 494 2510 hunc
511 2471 687 2510 sermonem
708 2450 774 2510 sine
800 2451 985 2528 ineptiarum
1008 2450 1136 2518 crimine
1150 2451 1325 2514 instituere.
1345 2517 1349 2524 ,

215 2532 309 2601 Vide,
324 2531 415 2608 quim
429 2537 556 2608 elegans
570 2532 610 2588 sit
624 2532 788 2590 exordium
809 2530 1023 2607 disputationis
1035 2549 1044 2602 3
1077 2532 1243 2593 Artificum
1256 2547 1325 2596 erat

215 2623 247 2670 et
261 2611 375 2670 levium
390 2614 572 2672 Graecorum
587 2613 770 2679 Rhetorum,
779 2631 813 2670 se
827 2611 866 2670 de
891 2611 1075 2688 Eloquentia
1088 2611 1224 2672 dicturos
1250 2634 1323 2674 esse

213 2693 364 2768 profiteri.
404 2694 447 2752 Hi
464 2713 563 2762 senes,
578 2709 609 2754 et
621 2693 747 2771 ingenui
759 2705 789 2752 et
802 2692 833 2751 in
848 2695 926 2767 Rep.
940 2692 1060 2762 versati,
1073 2712 1142 2762 non,
1152 2694 1210 2753 nisi
1226 2694 1322 2755 sortu-

212 2774 266 2845 ito‚
281 2773 312 2832 in
327 2779 404 2834 hanc
418 2772 655 2850 disputationem
669 2774 828 2844 incidunt;
850 2773 926 2831 nihil
948 2774 985 2832 de
1000 2792 1033 2830 se
1057 2774 1252 2850 promittunt,
1266 2777 1322 2835 sed

214 2854 474 2924 consumationis,
489 2858 541 2913 vel
554 2875 628 2914 casu
653 2853 754 2930 potiris
777 2855 807 2912 in
823 2853 997 2912 Rhetoricae
1012 2872 1136 2929 campos
1149 2855 1321 2915 incurrunt.
1414 2853 1415 2886 ³

214 2935 283 2992 Nec
295 2935 325 2993 in
340 2935 481 3010 personis
496 2933 604 3004 solim,
620 2939 674 2992 sed
689 2934 719 2992 in
734 2938 801 2992 loco
816 2936 963 2992 decorum
985 2947 1085 2992 servat
1109 2933 1238 3005 Cicero;
1259 2955 1321 2994 non

213 3014 295 3074 enim
320 3016 439 3086 Romae,
459 3016 514 3073 sed
536 3015 600 3074 ruri
620 3015 794 3090 disputant;
815 3034 874 3072 non
889 3015 920 3073 in
935 3014 1019 3072 urbis
1034 3015 1245 3088 occupatione,
1266 3016 1321 3074 ubi

212 3095 404 3156 mollioribus
418 3096 467 3155 his
481 3093 590 3154 studiis
607 3097 768 3153 sededere
784 3095 941 3164 nonlicet,
961 3097 1015 3151 sed
1039 3095 1069 3153 in
1090 3095 1152 3152 otio
1175 3113 1320 3154 recessus

213 3175 394 3243 Tusculani,
413 3196 475 3252 quo
486 3175 732 3251 proficiscentem
748 3193 829 3233 curae
845 3175 965 3252 Reiqoe
979 3176 1111 3250 publicae
1124 3175 1249 3252 negotia
1263 3175 1320 3233 eti·
1413 3195 1414 3200 ¹

214 3275 264 3312 am
279 3274 349 3314 cum
365 3259 514 3314 bonorum
529 3257 618 3314 venia
630 3276 690 3315 non
706 3269 886 3332 sequuntur.

253 3337 288 3393 In
303 3333 402 3410 primo
417 3335 495 3394 libro
510 3334 666 3412 quaeritur,
686 3355 755 3413 quae
770 3336 810 3394 sit
824 3336 951 3394 oratoris
969 3334 1107 3403 materia,
1126 3351 1256 3411 quaeque
1271 3351 1319 3392 ar·

213 3426 261 3473 tes
285 3416 344 3475 sint
365 3415 411 3474 illi
436 3418 473 3473 ad
495 3419 745 3492 cognoscendum
769 3417 962 3476 necessariae.
1012 3416 1153 3479 Crassus,
1171 3413 1262 3488 cujus
1285 3413 1318 3472 in
1412 3489 1413 3496 ἵ

212 3513 346 3572 persona
360 3495 532 3572 explicatur
555 3495 654 3571 ipsius
675 3496 836 3555 Ciceronis
851 3495 1010 3562 sententia,
1030 3491 1204 3568 perlectum
1218 3504 1319 3552 orato·

212 3593 279 3634 rem
293 3576 435 3647 instituit,
450 3575 539 3654 eique
555 3576 693 3635 omnium
704 3575 815 3634 artium
833 3576 1040 3654 cognitionem
1055 3570 1234 3648 subjungit:
1257 3571 1318 3632 sin·
1410 3623 1411 3626 ,

213 3659 301 3734 gulas
315 3657 480 3732 percurrit,
499 3659 665 3734 probatque
681 3668 713 3715 et
726 3657 879 3732 exemplis
892 3669 922 3714 et
938 3653 1113 3722 rationibus,
1127 3652 1216 3728 quam
1231 3651 1319 3712 utilis

214 3737 254 3795 sit
265 3756 455 3814 unaquaeque
470 3736 602 3808 oratori;
625 3736 775 3796 Antonius
790 3756 873 3804 vero,
894 3734 983 3810 cujus
1003 3733 1166 3807 disputatio
1179 3733 1215 3790 ad
1231 3752 1315 3790 men·
1411 3747 1412 3810 ζ

212 3829 277 3876 tem
292 3815 401 3890 Quinti
422 3818 525 3876 fratris
539 3816 699 3876 Ciceronis
713 3817 872 3886 formatur,
892 3827 996 3872 contra
1010 3814 1157 3871 Crassum
1171 3811 1314 3887 disputat,

213 3909 255 3967 et,
275 3895 345 3956 edm
358 3897 499 3957 indoctus
514 3898 530 3953 ὲ
543 3895 698 3974 plerisque
714 3899 886 3964 haberetur,
907 3897 1030 3970 solaque
1045 3905 1150 3951 natura
1160 3894 1197 3950 ad
1211 3893 1314 3951 dicen·

212 3981 287 4042 dum
300 3977 480 4050 instructus,
499 3977 712 4054 Eloquentiam
733 3977 749 4034 a
771 3973 892 4033 caeteris
915 3974 1028 4034 artibus
1048 3987 1202 4050 segregat,
1222 3971 1313 4048 eique

212 4061 309 4118 solam
323 4061 402 4118 bene
416 4057 538 4118 dicendi
559 4055 715 4117 scientiam
730 4055 880 4134 adjungit.
919 4055 997 4126 Quae
1010 4065 1192 4122 argumenta
1205 4055 1313 4110 attule-

210 4152 258 4198 rat
270 4143 411 4209 Crassus,
425 4159 462 4198 ea
474 4140 576 4198 omnia
590 4136 744 4214 percurrit
760 4135 931 4204 Antonius;
952 4148 983 4192 et
998 4138 1087 4192 verbo
1101 4131 1209 4209 magis,
1223 4132 1313 4209 quim

211 4235 256 4290 re,
280 4219 428 4278 dissolvit.
468 4221 586 4276 Aderat
609 4217 702 4275 etiarn
725 4215 795 4274 huic
819 4214 1014 4289 disputationi
1037 4215 1175 4273 Scaevola
1197 4231 1310 4269 senex:

211 4319 303 4380 quem
317 4299 428 4359 Cicero
440 4301 456 4356 a
466 4297 662 4375 sequentibus
676 4295 762 4354 libris
776 4294 912 4354 dimovit,
933 4309 964 4353 et
978 4295 1048 4372 quia
1062 4294 1182 4352 infirma
1196 4294 1310 4349 valetu-

213 4380 283 4439 dine
299 4380 365 4452 luit,
381 4379 429 4455 (ut
441 4378 603 4456 2aitipse),
617 4389 649 4436 et
669 4376 742 4454 quia
754 4375 786 4434 in
797 4379 854 4434 lroc
869 4375 947 4434 libro
962 4373 1124 4452 disputatio
1137 4372 1255 4452 dejure
1270 4370 1312 4429 ci·

608 4551 693 4620 aaa.
704 4554 742 4607 ad
756 4552 817 4608 Act.
831 4553 867 4606 iv.
881 4555 920 4606 16.
