2830 5014
502 297 628 394 arnna
647 301 705 362 ur.
728 306 772 362 ra
1151 253 1209 364 iu

79 446 242 548 telligo'3·
256 447 304 522 ita
320 445 471 522 confusa
496 459 549 522 est
566 451 686 533 oratio,
710 450 759 522 ita
775 449 980 548 perturbata,
1005 446 1092 524 nihil
1110 460 1152 526 ut
1167 451 1214 527 sit

79 553 248 650 primum,
265 546 360 622 ‚nihil
376 556 418 621 ut
431 548 648 637 secundum3
672 559 841 646 tantaque
857 548 1047 622 insolentia
1058 573 1099 622 ac
1114 551 1214 626 turbe

77 653 278 729 verborum,
302 658 343 720 ut
357 644 480 726 oratio,
502 671 584 743 quae
597 650 718 722 lumen
733 649 898 722 adbibere
909 649 1015 722 rebus
1027 647 1144 729 debet,
1170 672 1214 722 es

81 747 333 824 obscuritatem
359 755 395 819 et
420 748 582 820 tenebras
605 748 736 826 afferat,
761 757 866 843 atque
892 757 934 820 ut
959 745 1216 844 quodammodo

78 845 151 943 ipsi
161 844 225 919 sibi
235 846 272 918 in
283 844 434 920 dicendo
445 846 646 943 obstrepere
656 846 851 919 videantur.
879 847 1029 926 Verum,
1046 846 1074 918 si
1090 845 1213 942 placet,

81 945 249 1040 quoniam
265 945 346 1018 haec
367 941 451 1016 satis
468 967 581 1039 spero,
605 943 702 1018 vobis
727 945 868 1041 quidem
895 945 992 1018 certe
1018 943 1214 1040 majonbus,

79 1044 239 1116 molesta
263 1052 304 1116 et
328 1041 450 1140 putida
474 1043 593 1128 videri,
619 1043 663 1116 sd
684 1043 817 1142 reliqua
840 1041 1024 1140 aliquanto
1045 1042 1216 1116 odiosiora

132 1165 149 1214 r
229 1165 286 1216 us.
502 1156 505 1176 ‘
1063 1209 1068 1216 .

83 1166 132 1239 Pe
172 1239 247 1312 IV.
276 1237 389 1337 Atqui
424 1239 529 1322 vides,
560 1240 679 1338 inquit
709 1241 905 1323 Arrionius,
932 1239 1017 1314 crim
1046 1239 1129 1314 alias
1158 1263 1216 1318 res

77 1361 238 1434 agamus.
266 1339 410 1436 ⁸quim
433 1363 505 1412 non
528 1339 627 1412 inviti
649 1339 789 1436 quidem
808 1339 932 1415 adduci
949 1363 1132 1437 possumus
1155 1339 1216 1432 (de

77 1461 139 1510 rne
154 1437 247 1511 enim
267 1438 445 1535 conjicio),
471 1439 604 1512 relictis
619 1449 662 1511 ut
677 1441 780 1512 rebus
797 1438 959 1512 omnibus
976 1448 1214 1521 insectemur,

1222 1076 1356 1201 t„

1289 1209 1295 1230 l

79 1543 124 1608 te
139 1536 332 1611 audiamus:
358 1536 404 1610 ita
421 1535 466 1609 de
482 1537 628 1610 horridis
645 1537 750 1609 rebus
760 1537 880 1620 nitida,
897 1537 945 1610 de
951 1535 1082 1633 jejunis
1098 1537 1214 1634 plena,
1332 1557 1339 1566 ·

79 1632 129 1706 de
139 1635 352 1733 pervulgatis
362 1659 453 1710 nova
461 1635 625 1734 quaedam
636 1647 692 1711 est
703 1635 814 1708 oratio
829 1646 897 1710 tua.
947 1634 1081 1708 Faciles
1101 1635 1212 1717 enim,

79 1731 212 1828 inquit,
236 1732 386 1816 Antoni,
411 1745 526 1830 par-tes
551 1759 607 1808 eae
625 1735 769 1808 fuemnt
788 1734 882 1816 duae,
908 1757 993 1830 quas
1010 1732 1117 1806 modi>
1135 1759 1211 1830 per-

81 1830 240 1912 cucurri,
263 1833 740 1934 velpotiirspaeneproeterii‚
768 1832 893 1908 Latine
906 1832 1085 1928 loquendi,
1097 1831 1214 1928 plani·

79 1953 158 2028 quc
187 1928 349 2004 dicendi:
393 1931 541 2030 reliqum
571 1943 656 2006 sunt
690 1955 842 2030 magma,
871 1931 1067 2029 implicata,
1098 1931 1213 2014 variae,

82 2051 221 2127 graves,
246 2029 371 2128 quibus
394 2031 509 2106 omnis
524 2031 706 2106 admiratio
734 2031 877 2130 ingenii,
902 2029 1014 2104 omnis
1039 2029 1117 2103 laus
1144 2029 1214 2102 elo-

83 2129 246 2224 quentiae
263 2131 486 2220 continetur;
512 2157 619 2207 nemo
635 2132 732 2206 enim
756 2151 921 2228 mriqnam
948 2138 1003 2200 est
1027 2141 1214 2210 oratorem,

85 2225 186 2323 quod
195 2228 323 2302 Latine
337 2230 551 2326 loqueretur,
566 2231 767 2304 admiratus:
785 2231 813 2302 si
826 2241 882 2301 est
897 2227 1005 2307 aliter,
1030 2225 1216 2313 ⁹irrident3

83 2349 208 2422 neque
226 2351 306 2400 eum
322 2342 490 2402 oratorem
507 2329 765 2410 tantummodo,
790 2330 855 2403 sed
871 2325 1049 2401 hominem
1065 2349 1139 2397 non
1152 2347 1212 2422 pu·

81 2433 173 2498 tant.
224 2424 342 2499 Nemo
355 2428 487 2500 extulit
509 2453 591 2504 eum
607 2429 730 2508 verbis,
755 2427 814 2524 qui
830 2427 879 2499 ita
894 2424 1049 2506 dixisset,
1076 2433 1129 2507 ut,
1152 2421 1215 2521 qni

82 2524 264 2604 adessent,
280 2525 533 2623 intelligerent,
550 2525 638 2626 quid
653 2527 827 2613 diceret31
845 2525 907 2599 sed
920 2524 1108 2597 contemsit
1119 2547 1214 2607 eum,

87 2621 154 2718 qui
166 2620 284 2694 minus
300 2618 336 2694 id
351 2623 465 2697 facere
481 2627 662 2722 potuisset.
714 2626 760 2698 ln
775 2649 848 2722 quo
864 2624 970 2721 igitur
982 2623 1142 2694 homines
1157 2645 1216 2694 ex·

88 2719 328 2792 horrescunt?
352 2745 458 2818 quem
470 2723 653 2822 stupefacti
665 2723 842 2797 dicentem
851 2716 1062 2794 intuentur?
1086 2718 1218 2814 inquo

87 2815 316 2892 exclamant?
340 2843 449 2916 quem
464 2822 582 2903 deum,
607 2833 648 2896 ut
664 2821 710 2894 ita
726 2823 848 2901 dicam,
865 2820 958 2892 inter
974 2815 1133 2889 homines
1149 2840 1214 2912 pu·

89 2914 199 2991 tant?
220 2918 281 3015 qui
309 2917 491 3004 distincte,
518 2921 578 3018 qui
605 2921 789 3017 explicate,
814 2919 874 3018 qui
901 2915 1129 2995 abundanter,
1152 2913 1214 3008 qui

88 3016 284 3090 illuminate
306 3019 463 3090 strabus
479 3030 517 3093 et
540 3019 653 3093 verbis
678 3021 819 3101 dicunt,
845 3027 882 3092 et
907 3017 946 3089 in
968 3015 1041 3112 ipsa
1055 3014 1214 3086 oratione

134 3147 152 3196 8
167 3139 251 3210 quim
264 3141 414 3199 noniuviti
427 3141 557 3219 quidem,
567 3140 644 3222 etc]
666 3145 711 3204 lta
724 3163 762 3203 ex
777 3139 914 3218 vestigiis
935 3148 1070 3195 veterum
1091 3137 1155 3194 cod.
1169 3135 1214 3194 le·

92 3221 229 3298 gendum
243 3236 308 3282 esse
322 3239 446 3292 oensem
467 3241 535 3282 nam
549 3223 578 3282 in
592 3242 636 3300 pr.
655 3226 783 3284 editione
796 3224 881 3290 inest,
896 3215 981 3293 quam
990 3219 1098 3288 absque
1113 3227 1141 3272 te
1153 3233 1213 3276 non

91 3302 185 3378 iuviti
196 3301 302 3358 adduci
310 3309 484 3370 possumus:
503 3302 553 3361 ubi
566 3308 673 3378 ubsque
687 3319 714 3361 te
730 3305 829 3382 glossa
856 3312 902 3364 est
924 3295 1078 3374 cujusdam
1102 3294 1213 3374 librarii

91 3379 243 3438 monentis
254 3399 360 3440 vocem
371 3391 397 3437 te
407 3381 600 3442 omittendam
614 3383 714 3444 fuisse.
755 3379 916 3448 Victorius,
930 3379 1089 3447 Strebaeus,
1103 3376 1212 3454 aliique

92 3471 214 3518 veteres
227 3459 389 3531 ediderunt,
411 3461 493 3534 quim
510 3463 542 3522 te
561 3467 648 3520 iuviti
661 3465 823 3534 audiamus,
845 3459 895 3541 qui
917 3459 1021 3516 adduci
1036 3465 1211 3527 possumus:

91 3537 197 3615 Vulgo
209 3537 280 3598 verb
292 3541 406 3600 editum
417 3553 470 3611 est,
478 3541 562 3614 quim
573 3556 601 3600 te
611 3547 707 3614 inuiti,
717 3549 766 3618 qui
775 3546 879 3601 adduci
887 3549 1050 3612 possumus.
1061 3537 1133 3595 Ideo
1142 3535 1213 3596 dicit

92 3618 250 3688 Antonius,
265 3620 327 3679 rum
341 3625 413 3678 alias
426 3641 474 3680 res
487 3641 618 3698 agamus,
629 3637 665 3692 et,
680 3628 786 3684 relictis
795 3629 881 3680 rebus
891 3623 1028 3687 ammius,
1043 3616 1211 3693 quiafirimo

92 3702 141 3768 die
157 3703 192 3756 de
203 3703 380 3770 temporibus
393 3705 460 3768 illis,
478 3705 567 3776 deque
582 3706 721 3762 uniuersa
736 3707 811 3774 Repe.
825 3702 952 3776 quomod
977 3717 1108 3757 caussam
1127 3717 1216 3758 vene·

91 3776 205 3912 sauli?
218 3780 424 3843 Tusculanum
438 3782 546 3854 Crassi,
557 3782 674 3844 multilm
687 3787 802 3841 interae
813 3783 942 3841 collocuti
954 3793 1050 3851 eraut,
1060 3791 1094 3840 ut
1107 3778 1213 3840 dicitur

94 3875 129 3922 ur
143 3874 161 3913 r.
198 3897 205 3911 .

92 4014 203 4076 sissent
223 4033 311 4074 voces
324 4039 401 4077 nemo
422 4035 463 4079 ert
486 4027 655 4082 admiratus.
698 4022 891 4100 subintellige
911 4043 1006 4081 omues
1029 4019 1161 4082 nominee,
1175 4016 1213 4074 de

94 4115 155 4176 qno
169 4094 236 4156 vide
249 4108 350 4158 notam
367 4117 550 4180 sequentem.
593 4103 676 4164 Solet
689 4107 799 4166 Noster
812 4103 966 4180 aliquando
985 4111 1124 4184 numeros
1147 4113 1216 4154 mu⁴

93 4189 169 4245 tare,
182 4178 351 4254 praesertim
364 4180 433 4241 clun
447 4202 491 4254 ea,
503 4203 569 4261 quae
581 4188 617 4244 de
628 4184 745 4242 homine
760 4182 839 4256 dicit,
852 4187 889 4242 de
904 4181 985 4242 omni
1005 4181 1122 4233 h⁰m¹¹¹0
1133 4175 1213 4236 dicta

93 4275 162 4316 esse
181 4255 307 4334 intelligi
327 4260 406 4320 velit.
448 4261 498 4322 Sic
518 4268 604 4339 paulo
618 4255 683 4339 post
698 4261 766 4322 citm
784 4263 909 4332 dixerat,
924 4277 1003 4333 tuem
1018 4257 1111 4322 ‘stum’
1126 4268 1159 4310 αἱ
1170 4259 1213 4314 5⁶⁶

92 4335 196 4404 dirum,
207 4341 286 4394 inter
297 4345 559 4412 iomiueesrutaat?
578 4343 738 4423 subjungit,
752 4347 801 4417 qui
815 4349 912 4402 dicunt
926 4351 957 4397 et
969 4337 1132 4408 conficiunt.

138 4421 219 4474 laed
240 4420 408 4501 contemsit]
439 4423 498 4481 Sic.
519 4428 570 4482 sed
594 4425 692 4482 omnis
712 4425 802 4484 homo
818 4422 989 4481 contemsit:
1020 4429 1214 4493 l)raecesserat

90 4493 261 4566 euimnemc
276 4505 408 4568 extruite
428 4501 571 4582 videquae
585 4503 648 4564 dixi
661 4503 781 4568 inNoti
791 4507 830 4564 ad
841 4519 870 4580 p.
889 4503 950 4558 102·

136 3937 294 3994 otri-utem
303 3937 331 4019 ς]
350 3937 411 4000 Hic
424 3943 512 4001 habes
522 3946 646 4003 irrident
661 3955 692 4004 et
699 3957 800 4019 postea
810 3951 917 4013 putant
931 3939 1067 4020 quamvis
1083 3954 1212 4012 praeces·
1299 4005 1303 4015 Ι
