2830 5014
544 319 669 382 LIBER
688 321 744 382 111.
764 327 809 384 20·
1164 329 1221 382 229

100 473 178 550 tina
193 467 444 547 communione
466 471 669 542 voluissent.
719 469 800 549 Sed,
825 479 866 543 ut
885 468 1070 567 pontifices
1085 482 1222 546 veteres

99 583 249 670 propter
258 569 502 642 sacrificiorum
513 568 777 640 multitudinem
791 569 959 642 tresviros
970 567 1134 664 epulones
1145 593 1223 642 csse

99 671 306 749 voluerunt,
332 666 412 740 clun
429 665 626 762 es'sentipsi
651 667 672 736 ὲ
696 667 824 746 Numa,
850 676 891 738 ut
907 666 1010 740 etiam
1027 667 1109 742 illud
1126 667 1223 740 ludo·

99 793 184 840 rum
201 766 335 863 epulare
351 764 556 838 sacrificium
568 765 736 843 lacerent,
761 763 912 837 instituti
926 795 935 852 ;
961 765 1010 842 sio
1026 764 1222 838 Socraticis

102 891 146 938 se
164 889 360 938 caussarum
376 873 523 944 actores,
548 873 584 934 et
610 865 631 934 a
648 863 822 934 communi
839 862 1066 960 philosophias
1083 862 1224 936 nomine

103 973 364 1060 separaverunt,
380 962 461 1035 cum
474 970 606 1033 veteres
620 959 758 1032 dicendi
770 971 808 1033 et
817 961 1034 1058 intelligendi
1047 960 1223 1034 mirificam

100 1066 307 1138 societatem
323 1085 397 1133 esse
412 1060 612 1132 volnissent.

151 1161 232 1232 XX.
257 1158 355 1242 Quae
366 1160 448 1232 cam
465 1158 512 1230 ita
523 1158 605 1239 sint,
624 1156 812 1252 paullulum
822 1158 987 1254 equidem
1012 1161 1143 1234 lderne
1165 1159 1223 1232 de·
1332 1189 1335 1196 ·

99 1261 280 1355 precabor,
306 1268 344 1330 et
369 1265 480 1354 petam
506 1256 650 1335 duobis,
676 1267 718 1326 ut
742 1280 791 1335 ea,
816 1279 900 1354 quae
926 1258 1049 1340 dicam,
1076 1284 1149 1332 non
1175 1259 1221 1332 de
1249 1314 1276 1330 .

101 1357 328 1452 memetipso,
345 1356 407 1428 sed
420 1355 461 1427 de
478 1367 614 1426 oratore
632 1353 746 1424 dicere
759 1354 895 1450 putetis.
944 1357 1021 1454 Ego
1036 1357 1128 1431 enim
1145 1381 1224 1432 sum

100 1454 148 1536 is,
164 1455 235 1549 qui,
261 1455 342 1527 clim
355 1479 491 1526 summo
505 1451 622 1523 studio
637 1448 740 1546 patris
751 1449 788 1522 in
802 1453 949 1548 pueritia
962 1456 1084 1530 doctus
1099 1479 1224 1536 essem,

99 1561 144 1623 et
170 1553 207 1624 in
229 1553 344 1624 forum
369 1551 501 1648 ingenii
528 1558 673 1629 tantum,
704 1561 875 1644 quantum
901 1551 974 1648 ipse
999 1554 1124 1635 sentio,
1148 1579 1224 1628 non

4 1709 5 1722 ,
99 1660 449 1749 tantum,·quantum
472 1650 543 1746 ipse
569 1647 715 1720 forsitan
741 1648 837 1720 vobis
862 1649 984 1733 videm,
1009 1653 1224 1736 detulissem,

99 1775 178 1822 non
190 1750 319 1844 possim
335 1750 451 1822 dicere
467 1773 524 1820 me
534 1749 624 1826 haec,
650 1769 733 1841 quae
746 1771 844 1820 nunc
860 1750 1087 1847 complector,
1112 1752 1224 1848 perin-

101 1847 163 1926 de,
189 1857 228 1918 ut
243 1847 353 1920 dicam
370 1847 536 1919 discenda
552 1854 627 1918 e'sse
640 1844 824 1918 didicisse:
849 1846 976 1946 quippe
993 1851 1053 1945 qui
1070 1849 1225 1922 omnium

101 1944 307 2016 maturrime
325 1947 367 2020 ad
384 1945 535 2042 publicas
561 1968 699 2018 caussas
724 1946 937 2030 accesserim,
962 1973 1144 2046 annosque
1169 1973 1225 2021 na·

100 2052 163 2115 tus
179 2045 195 2093 2
211 2068 323 2116 unum
339 2053 374 2115 et
389 2043 512 2140 viginti
537 2042 796 2118 nobilissimum
811 2046 986 2120 hominem
1006 2058 1044 2120 et
1060 2048 1226 2144 eloquen-

100 2142 277 2214 tissimum
293 2143 330 2214 in
335 2143 505 2238 judicium
517 2143 684 2231 vocarim;
710 2142 765 2214 oui
782 2143 962 2240 disciplina
974 2147 1081 2218 fuerit
1096 2147 1224 2228 forum,

101 2241 267 2336 magister
283 2265 367 2314 usus
384 2251 419 2315 ct
433 2241 544 2338 leges,
569 2252 608 2313 et
629 2239 790 2314 instituta
813 2243 931 2338 populi
954 2244 1112 2322 Romam,
1136 2267 1226 2316 mos·

101 2363 175 2435 que
191 2339 368 2436 majorum.
420 2341 577 2422 Paulum,
603 2339 713 2412 silens
725 2339 871 2412 istarum
883 2341 1017 2423 artium,
1043 2343 1225 2438 dequibus

102 2436 239 2532 loquor,
255 2439 401 2534 gustavi,
418 2451 579 2536 quaestor
592 2439 628 2510 in
640 2438 815 2512 Asianum
829 2464 950 2524 essem,
967 2441 1142 2538 aequalem
1151 2441 1226 2516 iere

100 2559 221 2608 meum
237 2562 282 2608 ex
307 2536 494 2610 Academia
508 2537 686 2610 rhetorem
697 2548 833 2620 nactus,
859 2539 1101 2616 Metrodorum
1117 2541 1227 2624 illum,

100 2633 149 2705 de
167 2635 268 2729 cujus
284 2637 449 2706 memoria
465 2637 743 2710 commemoravit
758 2636 956 2712 Antonius:
982 2650 1016 2712 et
1033 2640 1116 2712 inde
1128 2641 1228 2713 dece·

102 2730 205 2811 dens,
222 2731 373 2804 Athenis
387 2760 397 2818 ;
412 2733 470 2805 ubi
481 2759 547 2830 ego
562 2733 694 2808 diutius
710 2759 823 2806 essem
844 2745 1010 2814 moratus,
1031 2736 1097 2806 nisi
1122 2737 1228 2808 Athe

100 2829 292 2910 aiensibus,
310 2830 407 2927 qubd
425 2831 591 2929 mysteria
607 2858 682 2906 non
698 2833 882 2913 referrent,
898 2832 941 2904 ad
953 2856 1037 2928 quae
1052 2833 1159 2906 biduo
1175 2859 1227 2908 se·

98 2927 173 3000 rius
190 2954 362 3012 veneram,
380 2930 671 3006 succensuisscm.
714 2933 836 3016 Quare
848 2932 927 3013 hoc,
942 2929 1041 3030 qubd
1056 2933 1226 3028 complec-

99 3034 156 3098 tor
174 3037 306 3102 tantam
322 3029 506 3102 scientiam
518 3029 660 3128 vimque
673 3030 857 3113 doctrinae,
877 3049 950 3104 non
961 3029 1066 3106 modb
1078 3054 1151 3102 non
1163 3055 1227 3128 pro

100 3149 170 3204 me,
197 3127 260 3198 scd
276 3139 395 3200 contra
419 3153 476 3200 me
493 3138 546 3200 est
571 3130 687 3225 potiris
706 3133 796 3222 (non
820 3131 926 3210 enim,
952 3130 1037 3225 quid
1062 3153 1139 3226 ege,
1164 3128 1227 3201 sed

101 3223 190 3317 quid
214 3234 325 3297 orator
339 3227 459 3321 possit,
485 3227 655 3324 disputo),
680 3238 783 3324 atque
799 3227 864 3300 hos
888 3252 1021 3310 omnes,
1048 3228 1108 3326 qui
1133 3236 1226 3302 artes

101 3321 292 3395 rhetoricas
309 3335 502 3419 exponunt,
511 3325 755 3422 perridiculos:
781 3325 937 3399 scribunt
953 3327 1104 3401 enimde
1114 3328 1225 3400 litium

99 3444 246 3516 genere,
273 3422 366 3493 etde
382 3423 570 3522 principiis,
596 3434 630 3496 et
652 3425 696 3497 de
713 3425 976 3500 narrationibus.
1026 3425 1087 3497 Illa
1103 3425 1153 3497 vis
1168 3451 1227 3498 au-

146 3572 157 3620 l
172 3570 209 3624 de
223 3585 269 3622 me
282 3571 455 3637 deprecabor
463 3579 618 3638 petamque
631 3565 650 3626 ἃ
663 3567 769 3648 nodia]
789 3571 873 3630 Istud
887 3573 922 3626 cle
935 3568 1018 3644 plani
1033 3566 1159 3628 otiosum
1174 3565 1225 3627 hic

98 3643 235 3705 videtur:
257 3648 369 3706 Noster
383 3649 463 3708 enim
479 3647 590 3722 saepius
617 3651 740 3708 verbum
763 3653 917 3720 deprecari
937 3648 1035 3726 jungit
1063 3649 1225 3709 Accusatio

100 3725 261 3785 Personae:
283 3727 333 3784 Sic
347 3729 379 3786 in
394 3731 476 3788 Orat.
486 3731 521 3786 arl
535 3725 618 3799 Quir.
630 3738 697 3800 post
712 3729 786 3788 Red.
797 3749 823 3787 c.
840 3735 866 3784 3.
907 3728 1077 3796 Mesratria
1091 3737 1225 3804 lacryma

100 3807 259 3880 sordesque
273 3809 410 3880 lugubres
424 3809 533 3868 duobis
543 3811 708 3881 deprecatae
722 3824 798 3866 aaut.
841 3807 891 3866 sic
905 3807 996 3868 etiam
1009 3808 1040 3868 in
1054 3812 1137 3872 Orat
1150 3820 1176 3867 2.
1187 3811 1224 3866 ds

99 3884 183 3958 Leg.
198 3890 272 3961 Agr.
286 3905 311 3942 c.
326 3893 370 3944 36.
388 3893 420 3946 Sr'
435 3890 673 3961 patricidarum,
697 3893 777 3946 nulla
802 3903 871 3948 aunt
886 3891 1039 3963 imagines,
1063 3912 1125 3965 que
1143 3885 1223 3946 med

98 3965 186 4021 nobis
193 3964 393 4039 deprecentur.
436 3973 512 4028 Puto
531 3965 666 4044 geminas
679 3965 743 4024 illas
766 3987 853 4026 voces
865 3974 900 4026 de
918 3989 962 4028 me
982 3973 1118 4030 delendas
1133 3983 1221 4031 esses

98 4041 172 4100 cbm
188 4043 270 4102 enim
284 4045 313 4103 in
326 4050 463 4124 sequenti
483 4049 559 4106 linea
581 4059 756 4106 occurreret
770 4051 804 4103 de
818 4054 993 4120 memetipso,
1014 4049 1079 4106 nino
1093 4043 1157 4101 fieri
1170 4059 1221 4116 po·

97 4122 166 4186 tuit,
182 4135 214 4182 ut
228 4127 317 4184 verba
330 4131 364 4184 de
374 4149 419 4186 me
434 4133 513 4188 hunc
526 4126 655 4186 alienum
675 4129 773 4184 locum
786 4127 899 4190 incuria
913 4127 1111 4189 Librariorum
1132 4139 1220 4180 oceu-

121 4215 211 4260 arent.

98 4221 121 4278 p
143 4287 257 4343 aarum
273 4299 302 4343 et
315 4286 442 4368 viginti]
461 4288 620 4348 Lambinus
635 4287 691 4346 fide
702 4288 841 4349 Auctoris
854 4287 973 4364 Dialogi
989 4286 1025 4342 de
1046 4279 1222 4344 Oratoribus

100 4359 168 4436 (qui
178 4365 307 4425 creditur
326 4368 417 4426 fuisse
432 4366 671 4444 Quinctilianus,)
698 4387 723 4424 c.
752 4368 893 4444 sategit
919 4368 1102 4436 undeviginti
1113 4384 1123 4419 .·
1152 4382 1219 4440 quae

97 4440 190 4500 lectio
204 4446 299 4522 magis
310 4448 347 4506 iis
357 4447 514 4506 convenire
529 4449 651 4518 ridetur,
665 4467 733 4524 quae,
743 4450 779 4506 de
800 4467 832 4506 sc
855 4450 979 4502 Crassus
1000 4443 1071 4504 dicit
1084 4445 1114 4502 in
1128 4443 1156 4502 ii.
1173 4448 1219 4502 90.

97 4523 150 4599 qui
156 4529 237 4592 puer
250 4533 280 4585 in
287 4529 393 4600 staram
406 4533 543 4589 venenis.
585 4529 628 4588 Ea
639 4541 723 4590 aetate
736 4529 771 4588 C.
787 4527 952 4587 Carbonem
963 4526 1115 4588 accusarit.
