2854 5016
257 397 296 450 as
648 383 707 460 DE
725 381 930 448 ORATORE

259 559 336 610 rum
353 525 560 630 muciogiae,
571 533 797 610 ornatissimis
805 548 945 634 atqueo
971 536 1325 623 timisversibusArc·

259 643 337 708 tum
347 633 392 706 de
405 633 500 706 coelc
512 631 693 730 stellisque
709 633 859 718 dixisse3
884 635 912 704 si
955 637 1097 708 erebus
1109 639 1250 712 rusticis
1265 639 1327 712 ho·

256 733 388 806 minem
400 732 535 828 abagro
545 731 821 810 remotissimum,
831 731 1328 832 Nicandrnnmlophonum,

256 829 397 928 po‘e'tioa
419 831 567 926 quadum
591 827 766 911 facultate,
782 851 860 900 non
881 828 1021 908 rustica,
1039 831 1218 927 scripsisse
1233 857 1325 931 prae-

255 931 371 1016 clare;
395 929 558 1026 quidest,
571 951 636 1001 cur
652 947 728 1002 nou
743 936 859 1002 orator
871 927 915 1000 de
932 928 1034 1000 rebus
1045 927 1087 1000 iis
1108 931 1324 1027 eloquentis
1417 943 1418 954 ¹

255 1028 340 1102 sime
358 1028 459 1109 dicct,
476 1027 620 1124 quasud
640 1035 772 1102 certam
788 1045 943 1100 caussam
966 1034 1178 1124 tempusque
1194 1053 1327 1128 cogno

253 1123 322 1196 rit?
346 1127 412 1199 Est
428 1125 523 1198 enim
535 1125 706 1199 finitimus
729 1125 854 1200 oratori
880 1125 1002 1205 Po'dta,
1019 1127 1171 1198 numeris
1186 1129 1330 1204 adstric-

252 1222 321 1296 tior
333 1221 447 1320 muld,
463 1226 646 1296 verborum
658 1234 777 1298 autem
787 1224 929 1298 licentia
941 1223 1089 1305 liberior,
1101 1226 1221 1298 multis
1239 1225 1328 1300 veris

252 1321 398 1394 ornandi
409 1321 595 1418 generibus
608 1323 724 1396 socius
739 1349 778 1396 ac
798 1345 903 1420 paene
915 1345 994 1420 par3
1020 1322 1059 1395 in
1087 1323 1154 1396 hcc
1181 1321 1327 1420 quidem

252 1420 347 1492 certe
373 1441 479 1516 prope
494 1419 598 1503 idem,
614 1421 722 1494 nullis
746 1430 785 1499 ut
809 1421 969 1494 terminis
984 1421 1243 1496 circumscribat
1263 1433 1330 1495 aut

253 1517 395 1592 definiat
407 1519 462 1614 jes
475 1541 588 1602 suum,
606 1521 812 1617 quominus
830 1520 861 1592 ei
880 1521 982 1600 liceat
1003 1520 1131 1594 eadem·
1142 1516 1199 1592 illa
1221 1521 1328 1596 facul·

253 1624 326 1688 tate
342 1626 379 1688 et
394 1619 494 1714 copia
520 1619 642 1715 uagari,
672 1641 741 1716 qua
768 1619 862 1692 velit.
913 1619 1077 1716 Namque
1093 1619 1181 1692 itlud
1206 1641 1326 1716 quare,

249 1711 415 1796 Scaevola,
432 1717 567 1813 negasti
581 1727 621 1790 te
644 1718 754 1791 fuisse
775 1719 937 1800 laturum,
954 1717 1023 1790 nisi
1048 1717 1088 1790 in
1108 1740 1194 1792 meo
1215 1739 1328 1814 regno

249 1833 365 1900 esses3
389 1812 539 1912 quddin
551 1817 646 1890 omni
658 1841 791 1914 genero
800 1817 982 1898 sermonis,
995 1816 1034 1893 in
1044 1817 1141 1890 omui
1154 1825 1250 1914 perte
1259 1815 1328 1886 'hu-

250 1913 426 1980 manitatis
455 1914 602 1978 dixerim
635 1925 807 1995 oratorem
837 1916 1142 2003 perfectumoesse
1175 1909 1327 1988 debere?

250 2004 453 2096 Numquam
465 2001 667 2072 mehercule
682 2003 752 2072 hoc
765 2002 929 2080 dicerem,
940 2006 970 2070 si
982 2023 1075 2079 eum,
1094 2025 1205 2094 quern
1212 2013 1326 2102 fingo,

248 2100 434 2198 meipsum
462 2121 539 2170 esse
565 2098 767 2170 arbitrarer:
793 2097 863 2179 sed,
878 2107 922 2169 ut
939 2097 1073 2168 solebat
1101 2096 1327 2178 C.=Lueilius
1414 2091 1418 2160 i

248 2221 344 2294 soepe
355 2197 470 2270 dicere
482 2195 676 2289 (homotibi
687 2193 863 2276 subiratus
874 2194 959 2267 mihi
969 2203 1112 2290 propter
1128 2221 1203 2269 eam
1214 2198 1325 2295 ipsam

201 2355 205 2362 .
248 2321 409 2371 caussam
425 2295 543 2368 mimis
561 2298 668 2392 quem
684 2295 837 2374 volebat,
847 2292 1019 2366 familiaris
1032 2320 1042 2376 ;
1068 2293 1129 2366 sed
1153 2303 1324 2375 tamenet

249 2397 416 2467 doctuset
429 2395 674 2490 perurbanus)‚
689 2392 885 2475 siosenti03
909 2391 1100 2464 Neminem
1111 2395 1236 2468 essein
1248 2419 1322 2470 ora·
1414 2433 1415 2474 ς

248 2503 366 2564 torum
378 2515 528 2564 numero
547 2490 755 2573 habendum,
777 2489 838 2588 qui
855 2490 991 2564 nonsit
1012 2492 1176 2564 omnibus
1188 2492 1230 2566 iis
1245 2497 1324 2568 arti-
1411 2496 1415 2518 ¹

241 2585 327 2669 bru,
340 2613 424 2686 quae
441 2599 526 2663 sunt
542 2589 650 2662 tiber-o
660 2590 790 2688 dignae,
812 2589 1018 2688 perpolitus:
1044 2591 1173 2686 quibus
1187 2591 1280 2689 ¹ipsis
1290 2597 1322 2668 si
1413 2595 1415 2674 ἶ

196 2765 201 2774 ,
247 2685 285 2762 in
310 2687 463 2762 dicendo
487 2713 565 2762 non
588 2689 725 2770 utimer,
753 2697 871 2762 tamen
887 2697 1031 2788 apparet
1054 2699 1163 2786 atque
1188 2701 1321 2774 exstat,

246 2785 494 2860 utrumsimus
506 2813 624 2862 earum
652 2789 764 2870 rudes,
786 2813 831 2860 an
849 2787 1090 2860 didicerimus:
1116 2799 1157 2860 ut
1174 2790 1235 2885 qui
1251 2791 1320 2888 pila

247 2884 389 2967 ludunt,
400 2894 644 2962 nomutuntur
655 2889 694 2960 iu
707 2886 779 2984 ipsa
790 2880 929 2958 lusione
940 2885 1086 2957 artificio
1108 2887 1319 2986 propricpu-

246 2982 401 3071 laestrae3
425 2985 487 3058 sed
504 2985 631 3058 indicat
641 2985 715 3082 ipse
731 2992 858 3065 motus,
870 2981 1102 3057 didicerintne
1112 2985 1330 3080 paternam,

245 3107 293 3154 an
305 3084 483 3168 nescient:
508 3083 617 3180 etqui
634 3082 765 3180 aliquid
779 3086 930 3178 fingunt,
944 3081 1012 3154 etsi
1025 3089 1100 3154 tum
1116 3083 1249 3179 pictura
1261 3085 1319 3156 ni-

245 3178 296 3250 hil
311 3191 473 3262 utuntur,
488 3191 612 3265 tamen,
629 3181 746 3256 utrum
769 3181 883 3253 scient
913 3179 1068 3278 pingere,
1083 3203 1128 3254 nn
1145 3181 1317 3264 nesciant,

246 3300 322 3348 non
337 3279 524 3350 obscurum
540 3293 612 3352 est:
638 3281 738 3354 sicin
754 3278 970 3354 orationibus
984 3277 1083 3351 hisce
1101 3279 1183 3376 ipsis
1194 3277 1317 3373 judici-

246 3399 360 3456 orum,
371 3375 595 3456 concionum,
605 3389 759 3459 senatus,
771 3376 908 3450 etiamsi
919 3376 1068 3474 propriu>
1085 3386 1227 3450 cetere
1241 3403 1315 3452 non

245 3473 474 3546 adhibeantur
488 3483 590 3552 artes,
607 3483 725 3568 tamen
737 3474 837 3546 facile
850 3473 1049 3550 declaratur,
1061 3471 1183 3542 utrum
1200 3471 1239 3554 ia,
1250 3477 1314 3569 qui
1407 3467 1416 3490 '⁶

246 3572 349 3653 dicat,
366 3563 610 3644 tantummodo
622 3571 659 3644 in
677 3573 744 3645 hoc
769 3565 1013 3644 deciemetorio
1034 3567 1080 3640 sit
1097 3591 1201 3664 opere
1214 3568 1313 3665 jacta·
1412 3519 1415 3665 1

245 3677 314 3750 tus,
330 3696 375 3742 an
393 3667 637 3744 addicendum
653 3671 817 3744 omnibus
840 3667 1001 3765 ingenius
1012 3665 1143 3738 artibus
1166 3667 1313 3744 instruc⁴
1414 3706 1416 3761 t

244 3773 301 3838 tus
311 3769 506 3841 accesserit.
937 3781 965 3814 ‘·
1413 3784 1418 3900 p

292 3865 414 3937 XVII.
441 3869 537 3940 Turn
561 3867 680 3946 ridens
694 3867 860 3946 Scaevoia,
877 3863 963 3936 Non
993 3863 1160 3949 luctabor,
1184 3867 1311 3965 inquit,
1417 3905 1418 3912 ἒ

243 3974 371 4044 tecum,
380 3963 516 4049 Crasse,
532 3966 694 4065 amplius:
721 3966 756 4040 id
767 3964 998 4061 errimipsum
1011 3965 1105 4058 quod
1122 3965 1311 4039 contrane

242 4063 382 4138 locutus
393 4089 442 4145 es,
458 4066 603 4138 artificio
625 4065 773 4162 quodam
790 4087 826 4136 es
849 4071 1131 4151 consecutusut
1148 4078 1184 4139 et
1214 4065 1309 4147 mihi,
1408 4072 1418 4126 ἲ

244 4186 325 4257 quoe
339 4189 405 4262 ego
420 4165 543 4236 vellem
557 4189 632 4236 non
645 4189 720 4238 esse
732 4162 886 4242 oratoris,
903 4160 1128 4244 concederes,
1156 4171 1193 4234 ct
1209 4189 1249 4236 ea
1260 4163 1309 4259 ip·
1414 4129 1418 4254 Ι

224 4282 291 4362 ss,
304 4262 424 4337 nescio
437 4263 623 4361 quomodo,
651 4287 772 4338 rursus
790 4259 1020 4359 detorqueres
1041 4269 1162 4364 atques
1182 4262 1309 4337 oratori
1414 4306 1418 4389 Ι
