2854 5016
5 2533 6 2538 ,
83 2477 177 2543 ,finon

500 348 775 438 mm
1136 362 1171 452 at

103 501 329 596 adridebat,
351 499 503 597 autquia
515 502 644 576 crudus
658 500 774 583 fuerit,
797 495 1027 596 autqubdita
1042 501 1175 576 malue-

103 603 164 682 rit,
178 601 311 674 stultus
323 599 439 672 fuisse.
487 599 577 679 Quo
593 600 696 672 etiam
718 599 853 694 gravius
866 597 1037 694 judicium
1062 597 1100 672 in
1125 599 1173 670 di·

96 696 222 772 scendo
232 694 418 771 subimus?
442 694 583 791 quoties
599 697 693 768 enim
710 697 867 779 dicimus,
885 696 989 768 toties
1006 696 1051 768 de
1072 697 1172 770 nobis

98 795 303 892 judicatur:
325 795 433 890 etqui
450 793 559 866 semel
572 794 610 864 in
622 805 727 888 gestu
737 793 988 890 peccavit‚non
1000 792 1172 866 continuo

94 889 320 981 existimatur
346 891 481 964 nescire
507 901 675 988 gestum3'
695 891 794 986 cujus
823 901 940 962 autem
968 893 1006 964 in
1022 891 1172 966 dicendo

96 989 496 1086 aliquidreprehensum
512 999 580 1068 est,
594 999 797 1078 autaeterna
808 988 845 1060 in
856 1013 910 1069 eo,
920 998 980 1061 aut
996 1002 1090 1063 certe
1100 989 1171 1064 diu-

94 1088 315 1163 :tuana‘valet
328 1087 447 1184 opinio
463 1085 645 1160 tarditatis..
1155 1165 1162 1178 ,,
1217 1137 1237 1148 --
1332 1127 1342 1134 r

61 1222 63 1232 ν
140 1185 325 1258 XXVIII.
352 1185 448 1260 illud
465 1183 557 1266 verb,
573 1185 668 1281 quod
681 1189 702 1256 a
714 1193 750 1256 ta
765 1184 973 1265 dictumest,
997 1185 1085 1258 Esse
1097 1212 1171 1284 per-

94 1283 323 1378 multaquae
343 1292 455 1354 orator
466 1283 534 1356 nisi
552 1284 706 1354 &natura
718 1283 869 1370 haberet,
881 1305 957 1356 non
981 1283 1169 1358 multum&

5 1399 6 1402 ’
93 1381 267 1478 mmistro
281 1380 507 1478 adjuvaretur,
524 1381 621 1455 valde
634 1379 696 1452 tibi
713 1381 879 1454 assentior
894 1407 905 1466 ;
928 1379 1035 1476 inque
1056 1408 1099 1454 eo
1114 1385 1170 1456 vel

91 1479 249 1550 maxime
267 1479 407 1574 probavi
425 1501 600 1552 summum
616 1477 714 1552 illum
729 1477 923 1558 doctorem,
946 1475 1165 1556 Alabanden-

89 1599 171 1648 sem
180 1576 430 1672 Apollonium,
442 1577 608 1674 quicum
624 1575 785 1650 mercede
798 1574 950 1654 doceret,
961 1583 1080 1648 tamen
1091 1601 1167 1650 non

86 1674 379 1770 :patiebatureos
396 1700 485 1772 quos
510 1673 682 1770 judicabat
694 1697 770 1746 non
794 1696 896 1768 posse
921 1684 1075 1746 oratores
1091 1700 1167 1750 eva·

87 1772 193 1854 dere,
210 1779 352 1868 operam
360 1774 453 1870 apud
464 1797 540 1872 sese
551 1771 721 1868 perdere,
744 1770 1051 1865 dimittebatque,⁵
1062 1775 1165 1853 etad

96 1893 400 1964 unamquemque
429 1881 539 1960 artem
552 1869 694 1964 putabet
710 1893 784 1940 asse
800 1875 931 1966 aptum,
955 1867 1089 1942 adeam
1106 1871 1166 1944 im·

48 1981 50 1986 '
96 1965 233 2060 pellere
245 1973 351 2058 atque
365 1963 496 2046 hortasi
512 1967 664 2041 solebat:
688 1966 771 2038 satis
782 1965 943 2040 estenim
958 1966 1096 2039 caeteris
1115 1995 1164 2042 ar·

87 2059 216 2153 dificia
220 2060 461 2160 percipiendis,
478 2063 723 2154 tantummodo
743 2063 890 2136 similem
906 2087 982 2136 esse
1004 2064 1164 2150 bominis,

91 2169 132 2232 et
145 2159 307 2254 id,‘-quod
321 2161 484 2254 tradatur,
493 2161 549 2235 vel
564 2159 887 2244 etiaminculceter,
903 2161 1010 2256 siquis
1019 2161 1108 2234 forte
1120 2167 1163 2238 sit

89 2256 247 2344 tardior,
261 2281 365 2353 posse
392 2258 569 2354 percipere
585 2259 701 2330 animo
728 2269 765 2335 et
787 2258 954 2330 memoria
976 2262 1162 2350 custodire,
1236 2281 1245 2300 ⁸

85 2349 179 2431 ’Νοῐι
204 2353 553 2438 ,uoeriturmobilitas
562 2355 707 2454 linguae,
717 2379 790 2430 non
803 2354 959 2428 celeritas
968 2356 1160 2442 verborum,

187 2379 411 2548 denique-ea,
429 2477 511 2550 quae
527 2452 630 2528 nobis
650 2479 729 2526 non.
747 2476 933 2550 possumus
948 2456 1092 2549 fingere,
1116 2457 1134 2530 s
1151 2500 1162 2510 ·

53 2567 55 2574 ’
82 2551 177 2632 cies,
193 2549 321 2640 vultus,
337 2557 456 2626 sonus.
488 2579 489 2584 ¹
506 2553 551 2625 In
563 2562 699 2626 oratore
708 2563 827 2636 autem
842 2576 993 2629 acumen
1010 2551 1161 2630 dialecti·

5 2667 9 2712 ἴ
80 2658 228 2740 corum,
237 2649 423 2750 sententiaej
433 2647 726 2746 philosophorum,
739 2651 842 2725 verba
851 2675 957 2747 prope
967 2661 1159 2747 poetarum,

82 2744 264 2822 ‘memoria
273 2742 614 2841 jurisconsultorum,
623 2771 690 2820 vox
700 2747 947 2844 tragoedorum,
957 2761 1075 2842 gestus
1087 2773 1158 2844 pae-

82 2867 140 2926 ne
150 2842 371 2936 'summorum
386 2855 544 2918 actorum
561 2855 613 2918 est
631 2839 869 2941 requirendus.
920 2845 1161 2928 Quamobrem

82 2938 177 3017 ‘nhil
190 2942 230 3014 in
244 2941 425 3018 hominum
438 2967 566 3040 genere
580 2941 689 3017 rarius
702 2944 856 3041 perfecto
868 2953 1001 3017 oratore
1011 2944 1157 3020 inveniri

80 3048 232 3136 potest:
258 3063 342 3134 quae
365 3038 470 3120 enim,
487 3039 703 3138 singularum
719 3066 834 3114 rerum
855 3043 1003 3122 artifices
1020 3043 1156 3136 singula

79 3137 116 3212 vsi
144 3137 365 3228 mediocriter
392 3137 508 3234 adepti
536 3148 629 3220 sunt,
648 3141 847 3236 probantur,
864 3166 914 3221 ea,
942 3138 1012 3209 nisi
1037 3140 1154 3214 omnia

87 3257 229 3306 summa
250 3247 339 3330 sunt
358 3236 395 3308 in
411 3243 555 3317 oratore,
583 3237 716 3333 probari
744 3262 819 3310 non
844 3243 1005 3334 possunt.
1043 3237 1152 3332 ‚Tum

86 3328 250 3409 Crassus,
260 3329 612 3428 Atquiride,inquit‚
622 3334 660 3408 in
670 3333 812 3408 artificio
823 3358 989 3432 perquam
1001 3336 1097 3419 tenui
1109 3347 1153 3428 et

81 3427 164 3508 levi,
178 3433 314 3523 quanto
327 3428 407 3523 plus
417 3427 616 3506 adhibeatur
628 3431 831 3530 diligentiae,
848 3436 954 3528 quim
970 3432 1009 3502 in
1026 3431 1090 3502 hac
1103 3459 1151 3518 re,

86 3525 191 3622 quam
203 3533 343 3599 constat
361 3550 437 3614 esse
453 3527 648 3606 maximam.
697 3531 799 3628 Saepe
817 3531 911 3602 enim
922 3530 1019 3602 soleo
1030 3527 1151 3602 audire

86 3623 264 3704 Roscium,
275 3622 371 3715 .on
387 3623 440 3698 ira<
455 3624 557 3706 dicat,
573 3637 610 3698 se
626 3629 741 3700 adhuc
758 3627 907 3724 reperire
930 3625 1148 3724 discipulum,

74 3742 196 3816 quam
208 3721 351 3816 quidem
373 3723 549 3818 probaret,
572 3723 734 3822 ,potuisse
749 3726 947 3797 neminem:
974 3749 1048 3814 non
1075 3751 1150 3826 quo

121 3865 143 3940 ‘⁵
165 3871 323 3959 Vulgb,Et
337 3889 376 3940 ad
389 3904 594 3964 quamcunque
613 3895 705 3943 artem
721 3883 920 3956 paratarma
943 3896 1057 3958 aptum:
1075 3889 1149 3970 etc]

82 3960 238 4022 Editiones
250 3962 330 4022 Ven·
342 3965 465 4042 Mediol.
477 3968 572 4026 Streb.
586 3979 617 4025 et
629 3969 836 4038 Manghabent,
847 3977 875 4021 et
888 3969 927 4022 od
941 3986 1031 4046 quam
1041 3985 1145 4042 quem·

82 4061 139 4118 que
154 4054 261 4112 ortem,
280 4055 335 4101 ete·
375 4045 536 4124 Lambinus
561 4047 651 4104 ctiam
673 4057 795 4103 testatur
820 4045 979 4104 sevidisse
1007 4048 1146 4102 vocesad

83 4140 168 4190 quam
188 4128 331 4194 quemque
343 4120 374 4182 in·
387 4121 506 4183 duobus*
513 4125 660 4183 veteribus
674 4123 764 4200 libris,
775 4125 962 4184 et'ncnnullis
974 4121 1045 4182 aliis.
1068 4121 1143 4188 Vul-

80 4217 146 4276 gata
155 4200 245 4260 lectio
258 4201 332 4258 ferri
341 4195 397 4260 n'on
412 4216 517 4278 potest,
532 4205 671 4280 quoniam
682 4208 741 4260 vox
752 4211 851 4273 aptum
864 4200 1019 4280 singularis
1032 4212 1078 4254 est
1088 4217 1142 4257 nu·
1174 4237 1175 4240 =

83 4280 165 4348 meri,
187 4279 259 4346 edm
274 4299 397 4344 ,voxeoa
413 4281 535 4358 pluralis¹
546 4293 758 4358 praecesserat:
779 4302 834 4341 nee
849 4285 932 4342 habet
947 4275 1139 4356 Adjectivum

80 4367 177 4426 optma
190 4359 415 4444 Substantiium
431 4363 535 4432 ullum,
548 4361 671 4438 quicum
690 4361 849 4441 cobaercat.¹
919 4395 924 4401 ·
971 4390 974 4394 ·

581 4440 617 4510 G
