2882 5012
526 358 662 451 arsen
681 375 737 440 111.
757 379 803 437 ar.
1155 375 1217 438 ω

149 535 263 616 XXX.
286 533 387 616 Quae
404 527 487 604 verb
504 530 703 618 referuntur
718 525 760 598 ad
777 523 961 622 agendum,
985 515 1099 594 autin
1115 521 1218 598 officii

97 633 354 734 disceptatione
373 639 563 708 versantur,
580 651 650 723 quo
664 625 701 698 in
718 647 856 719 genere,
879 619 963 718 quid
979 629 1114 692 rectum
1138 621 1217 694 faci·

99 735 304 828 endumque
318 731 374 810 sit,
385 726 556 826 quaeritur
566 752 577 810 3
599 721 656 796 cui
678 723 759 794 loco
783 721 899 794 omnis
914 719 1080 792 virtutum
1096 729 1133 792 et
1150 717 1219 790 viti
1301 738 1306 754 ¹

99 857 204 912 orum
214 841 266 902 est
278 829 359 902 silva
370 825 548 920 subjecta3
572 829 634 894 aut
646 821 683 892 in
696 817 891 893 animorum
908 817 1023 914 aliqud
1036 816 1221 916 permotio-

100 956 162 1012 ne,
193 939 257 1002 aut
285 925 465 1024 gignenda
496 929 556 995 aut
590 916 749 992 sedanda
781 917 989 999 tollendave,
1017 925 1219 992 tractantur.
1313 923 1315 940 '

94 1027 203 1118 Huic
225 1026 348 1123 generi
373 1023 547 1118 subjectae·
567 1027 651 1090 sunt
668 1015 937 1098 cohortationes,
954 1015 1220 1114 objurgationes,

100 1121 374 1202 consolationes,
400 1118 650 1196 miserationes,
677 1113 862 1210 omnisque
883 1115 926 1188 ad
951 1138 1091 1188 ornnem
1115 1111 1222 1186 animi

103 1235 242 1298 metram
252 1229 290 1292 et
306 1219 476 1316 impulsio,
487 1229 533 1298 et,
546 1215 575 1288 si
591 1214 640 1286 ita
649 1235 706 1285 res
719 1212 819 1292 feret,
829 1211 1012 1308 mitigatio.
1062 1211 1222 1310 Explica·
1250 1259 1252 1266 ι

102 1321 173 1394 tisi
201 1322 267 1392 'tur
284 1318 336 1390 his
348 1317 532 1414 generibus
544 1339 585 1386 ac
609 1309 722 1383 modis
747 1309 1034 1407 disceptationum
1056 1311 1223 1392 omniurn,

102 1418 142 1492 ni
171 1419 177 1431 '
208 1417 291 1490 sane
305 1416 349 1488 ad
365 1440 440 1488 rens
451 1413 613 1512 pertinet,
630 1409 659 1481 si
676 1431 744 1504 qua
759 1407 796 1480 in
811 1433 849 1480 re
861 1409 1066 1507 discrepavit
1080 1411 1124 1482 ad
1148 1407 1222 1480 An·

97 1515 191 1590 tonii
213 1514 382 1588 divisione
398 1523 518 1586 nostra
534 1507 685 1608 partitio:
711 1504 831 1578 eadem
847 1507 942 1579 enim
967 1517 1054 1580 sunt
1069 1508 1225 1580 membra

24 1676 25 1684 ,
106 1615 176 1688 ⁸in
190 1613 371 1710 utriusque
395 1609 641 1708 disputatione,
660 1603 721 1678 sed
746 1606 848 1702 paulo
863 1629 964 1678 secus
990 1610 1094 1687 dms,
1119 1617 1223 1702 atque

24 1791 25 1794 ,
103 1713 231 1796 abillo,
247 1711 374 1809 partita
386 1735 428 1784 ao
443 1707 638 1781 distributa.
690 1702 799 1778 Nunc
814 1704 859 1776 ad
870 1705 1004 1801 reliqua
1016 1705 1224 1802 progrediar,

106 1835 234 1907 meque
249 1811 293 1880 ad
307 1833 424 1882 meum
440 1830 572 1880 munus
584 1826 803 1903 pensumque
828 1805 1011 1876 revocabo:
1037 1829 1118 1878 nam
1134 1829 1178 1876 ex
1190 1803 1228 1876 il·

106 1909 152 1982 lis
171 1906 269 1989 locis,
286 1929 375 2002 quos
392 1904 554 2002 exposuit
569 1901 761 1981 Antonius,
772 1899 890 1972 omnia
907 1901 1045 1974 suntad
1070 1925 1227 2000 quaeque

107 2029 236 2106 genera
249 2003 486 2102 quaestionum
508 2009 714 2098 argumenta
726 2000 909 2086 sumenda3
933 2001 994 2072 sed
1010 2000 1081 2074 aliis
1098 2000 1230 2099 generi·

110 2107 176 2178 bus
192 2103 245 2176 alii
263 2101 331 2178 loci
348 2102 455 2200 magis
481 2113 579 2174 erant
595 2097 681 2197 apti:
706 2097 851 2194 dequo,
878 2123 951 2173 non
971 2109 1041 2172 tam
1060 2103 1142 2197 quia
1156 2101 1231 2172 lon·

109 2227 194 2300 gum
209 2211 275 2282 est,
300 2205 408 2297 quam
429 2199 511 2298 quia
538 2197 783 2295 perspicuum,¹
797 2197 865 2269 dici
888 2197 974 2270 nihil
988 2209 1049 2277 est
1074 2221 1229 2270 necesse.

110 2297 353 2374 Ornatissimae
370 2307 456 2370 sunt
471 2295 578 2394 igitur
599 2294 773 2368 orationes
797 2315 864 2376 eae,
882 2317 970 2392 quoe·
989 2295 1154 2369 latissime
1167 2321 1221 2368 va·

108 2408 249 2498 gantur,
266 2406 303 2470 et
322 2395 488 2495 aprivatd
504 2419 546 2468 ac
563 2393 725 2491 singulari
739 2393 972 2468 controversia
990 2419 1026 2466 se
1039 2395 1236 2468 aduniver«

101 2497 140 2570 ‘si
154 2495 293 2594 generis
311 2496 379 2570 vim
403 2493 645 2593 explicandam
658 2491 853 2568 conferunt
878 2502 913 2566 et
934 2503 1169 2583 convertunt3
1194 2505 1234 2568 ut

110 2595 146 2678 ii,
172 2595 233 2692 qui
247 2595 404 2674 audiant,
433 2591 573 2673 natura,
590 2603 628 2666 et
641 2617 770 2688 genere
786 2601 822 2664 et
845 2592 1006 2667 universal
1025 2621 1062 2667 re
1079 2593 1234 2704 cogniti,

113 2695 162 2766 de
178 2691 326 2790 singulis
344 2689 409 2764 reis
425 2700 461 2763 et
485 2689 686 2764 criminibus
714 2690 885 2764 stlitibus
911 2700 1064 2762 statuere
1089 2693 1234 2787 possint.

111 2793 220 2864 'Hanc
236 2789 280 2862 ad
296 2787 589 2866 cousuetudinem
606 2787 858 2865 exercitationis
888 2811 959 2868 vos,
983 2787 1236 2870 adolescentes,

113 2899 172 2964 est
188 2889 392 2964 cohortatus
405 2885 595 2972 Antonius,
611 2891 746 2986 atquea
762 2885 908 2960 minutis
917 2885 1143 2984 angustisque
1156 2913 1237 2962 con·

113 2987 363 3064 certationibus
379 2988 422 3060 ad
439 3011 584 3060 omnem
605 2987 675 3059 vim
692 2987 963 3083 varietatemque
982 3010 1042 3057 vos
1055 2985 1237 3061 differendi

113 3085 351 3160 traducendos
360 3085 507 3183 putavit.
558 3086 682 3168 Quane
692 3109 768 3160 non
779 3093 836 3158 est
849 3108 1035 3183 paucorum
1045 3084 1239 3158 libellorum

114 3185 184 3258 hoe
198 3207 339 3264 munus,
356 3193 399 3257 ut
415 3185 449 3266 ii,
466 3182 527 3280 qui
546 3183 760 3281 scripserunt
775 3185 820 3258 de
843 3182 980 3256 dicendi
996 3182 1138 3264 ratione,
1154 3183 1239 3256 arbi·

115 3281 199 3354 trati
223 3293 331 3366 sunt3
355 3307 470 3378 neque
498 3281 702 3364 Tusculani,
728 3291 832 3378 atque
861 3281 964 3378 hujus
998 3283 1240 3358 ambulationis

114 3379 417 3462 antemeridianae,
439 3389 504 3454 aut
529 3389 662 3454 nostrae
685 3379 932 3478 pomeridianas
958 3381 1140 3454 sessionis:
1166 3405 1241 3454 non

116 3477 215 3551 enim
228 3477 343 3552 solum
359 3479 517 3552 acuenda
533 3480 645 3560 nobis,
663 3503 781 3576 neque
794 3479 1016 3578 procudenda
1029 3480 1152 3577 lingua
1164 3487 1242 3566 est3

115 3575 179 3650 sed
191 3579 410 3658 onerandum
423 3577 745 3674 complendumque
757 3591 881 3676 pectus
894 3579 1243 3656 maximarumrerum

116 3686 157 3748 et
173 3673 400 3770 plurimarum
416 3677 598 3758 suavitate,
615 3676 729 3773 copia,
748 3678 920 3750 varietate.

169 3771 302 3844 XXXI.
330 3773 462 3846 Nostra
476 3783 532 3846 est
548 3773 652 3854 enim,
677 3775 723 3866 (si
741 3773 846 3846 modb
864 3799 929 3846 nos
944 3787 1096 3850 oratores
1114 3799 1244 3858 sumus,

116 3867 150 3939 si
169 3868 206 3939 in
219 3868 343 3942 civium
358 3871 683 3970 disceptationibus,
710 3871 784 3944 siin
798 3871 967 3968 periculis,
994 3877 1021 3950 si
1034 3877 1070 3950 in
1083 3874 1244 3950 delibera-

119 3965 276 4039 tionibus
295 3968 441 4065 publicis
458 3969 646 4043 adhibendi
661 3978 821 4043 auctores
838 3981 875 4042 et
892 3973 1064 4076 principes
1091 3973 1245 4066 sumus),

119 4072 243 4142 nostra
268 4075 321 4136 est
348 4065 502 4164 inquam,
541 4067 654 4140 omnis
683 4069 749 4141 ista
773 4069 971 4164 prudentiae
999 4073 1246 4166 doctrinaeque

118 4162 303 4262 possessio,
312 4163 352 4236 in
365 4189 468 4264 quam
477 4165 651 4249 homines,
667 4163 789 4262 ⁹quasi
801 4167 963 4244 caducam
974 4183 1080 4265 atque
1094 4193 1246 4256 vacuam,

163 4363 224 4414 tin
237 4363 390 4436 utriusque
402 4362 619 4444 disputatione]
638 4364 677 4424 ita
702 4363 783 4424 Msti
803 4365 882 4425 Joan.
905 4367 988 4424 cant.
1003 4365 1088 4422 Harl.
1107 4369 1128 4422 l.
1154 4365 1247 4446 Wag.
1301 4368 1306 4374 ’

121 4447 154 4495 et
167 4438 245 4495 Nor.
254 4443 289 4498 ad
302 4461 396 4511 oram,
407 4446 591 4520 eandemque
606 4443 764 4502 lectionem
776 4447 917 4504 exhibent
929 4446 997 4503 Asc.
1014 4445 1128 4505 Manat.
1144 4457 1175 4506 et
1188 4461 1252 4507 tre-s

118 4515 334 4580 vetustissimae
345 4523 489 4581 editiones
501 4541 509 4578 a
538 4523 642 4600 Vulgb
652 4527 683 4579 iu
695 4529 825 4598 utrisque
838 4527 1089 4592 disputationibus.

161 4601 179 4654 9
195 4603 281 4670 quasi
295 4603 429 4662 caducam
445 4617 472 4662 et
482 4601 635 4685 vacuam]
654 4603 877 4666 Possessioncrn
884 4601 1033 4684 intelligit,
1047 4623 1114 4684 quac
1126 4601 1197 4664 sirm
1210 4623 1250 4666 ex
