2830 5014
232 400 289 452 22⁶
662 397 721 456 DE
740 397 946 460 ORATORE

232 563 348 638 neque
365 549 481 616 tamen
495 569 707 642 quemquam
723 571 800 621 esse
816 547 1026 644 sapientem:
1050 544 1146 618 valde
1161 549 1276 617 autem
1287 553 1338 616 est
1388 547 1389 640 l

231 641 427 722 absurdum,
443 641 475 714 ei
500 646 708 720 concionem
719 657 780 722 aut
804 657 965 720 senatum
990 653 1052 718 aut
1074 645 1186 718 ullam
1211 655 1338 716 cretum
1388 643 1389 736 i

232 739 408 816 bominem
433 744 661 838 committere,
685 744 743 818 cui
761 768 865 819 nemo
892 742 1043 824 illorum,
1066 741 1127 840 qui
1149 742 1274 820 adsint,
1298 764 1340 810 sa·
1388 743 1389 790 ³

230 864 311 917 nus,
334 841 547 922 nemocivis,
559 867 665 916 nemo
683 843 856 916 liberasse
873 842 1035 916 videatur.
1084 839 1232 915 Accedit
1248 837 1340 936 qubd

230 936 394 1014 canonis
405 939 508 1014 etiam
525 965 636 1037 genus
647 943 778 1016 habent
793 943 940 1014 fortasse
957 938 1084 1012 subtile
1098 949 1134 1012 et
1159 939 1255 1012 certi
1271 961 1342 1008 acu·

229 1047 333 1120 trun;
359 1037 481 1127 (1sed,
523 1040 612 1112 utin
625 1049 772 1124 oratore,
789 1039 891 1120 exile,
917 1039 1136 1120 inusitatum,
1160 1035 1345 1110 abhorrens
1388 1047 1389 1072 ¹

226 1137 274 1208 ab
285 1136 425 1206 auribus
441 1136 547 1230 vulgi,
572 1139 770 1218 obscurum,
795 1137 911 1218 inane,
932 1137 1135 1234 jejunum);
1162 1137 1348 1208 2atlamen

227 1231 406 1330 ejusmodi,
430 1255 500 1328 quo
513 1233 565 1306 uti
582 1236 625 1306 ad
641 1236 764 1330 vulgus
781 1236 882 1308 nullo
905 1235 1010 1308 modo
1027 1236 1158 1331 possit:
1177 1233 1241 1306 alia
1253 1231 1346 1304 enim

227 1342 265 1404 et
276 1331 366 1404 botro
389 1339 425 1404 et
441 1329 526 1402 mala
537 1329 700 1404 videntur
711 1332 837 1410 Stoicis
850 1341 887 1402 et
904 1333 1044 1404 caeteris
1058 1333 1203 1412 civibus,
1222 1329 1274 1404 vel
1292 1353 1347 1426 po·

227 1430 300 1502 tius
313 1428 496 1525 gentibus,
521 1428 653 1504 aliavis
678 1429 833 1512 honoris,
857 1428 1073 1524 ignominiae,
1098 1429 1247 1526 praemii,
1272 1451 1349 1523 sup

227 1526 338 1626 plinii:
364 1528 456 1608 tere,
477 1551 524 1600 an
538 1551 654 1610 secus,
672 1527 758 1603 nihil
773 1527 817 1600 ad
833 1527 899 1600 hoc
916 1535 1075 1623 tempus:
1101 1527 1175 1608 sed,
1192 1551 1237 1599 ea
1254 1525 1284 1598 si
1303 1549 1352 1596 se·

228 1649 387 1722 quamur,
412 1623 543 1698 nullam
560 1649 724 1720 umquam
741 1650 813 1700 rem
826 1624 975 1700 dicendo
987 1624 1151 1722 expedire
1162 1624 1352 1722 possimus.

197 1783 200 1789 .
227 1722 366 1818 Reliqui
382 1732 467 1796 sunt
488 1723 704 1820 Peripatetici
728 1733 766 1798 et
781 1721 998 1800 Academici:
1024 1746 1237 1819 quamquam
1256 1720 1353 1792 Aea·

227 1821 445 1896 demicorum
458 1843 592 1896 nomen
605 1833 660 1896 est
677 1847 801 1906 unum,
819 1821 1010 1904 sententiae
1028 1823 1108 1896 duae
1123 1839 1227 1905 ;nam
1243 1819 1351 1914 Speu-

229 1921 348 2015 sippus
378 1919 537 1992 Platonis
565 1921 693 1992 sororis
719 1921 823 2002 lilius,
841 1931 878 1992 et
900 1919 1129 1997 Xenocrates,
1153 1915 1214 2013 qui
1237 1915 1349 1988 Plato·

227 2041 310 2090 nem
327 2016 488 2096 audierat,
515 2017 531 2064 ³
549 2026 597 2096 et,
622 2019 681 2110 qui
706 2020 951 2096 Xenocratem,
976 2017 1130 2098 Polemo,
1147 2024 1181 2086 et
1197 2014 1347 2090 Crantor

228 2114 316 2188 nibil
329 2116 372 2185 ab
387 2112 589 2193 Aristotele,
612 2114 673 2209 qui
694 2119 763 2196 uni
780 2113 931 2189 audierat
955 2113 1150 2195 Platonem,
1166 2136 1346 2208 magnope·

227 2239 266 2287 re
282 2212 464 2286 dissensit:
489 2212 588 2312 copia
600 2213 745 2299 formasa
770 2212 979 2292 etvariatate
993 2210 1136 2287 dicendi
1150 2235 1253 2310 pares
1280 2234 1346 2283 non

227 2397 263 2434 an
273 2395 328 2433 non
344 2379 465 2435 delenda
479 2377 519 2434 sit
533 2395 591 2433 vox
606 2379 741 2441 latr-enea,
756 2375 825 2434 cnm
853 2376 883 2433 in
899 2374 1090 2451 sequentibus
1112 2374 1221 2433 Cicero
1234 2369 1347 2452 opponit

226 2455 272 2520 iis,
286 2455 322 2509 de
337 2455 441 2528 quibus
458 2453 505 2510 bic
519 2454 637 2520 dicitur,
650 2465 758 2516 eanum,
771 2459 872 2521 cium,
885 2457 1015 2521 liberum,
1034 2465 1094 2512 tres
1121 2453 1237 2513 tantitm
1250 2470 1346 2530 perso·

226 2549 279 2591 nas
294 2551 302 2586 z
323 2529 475 2589 niniteeto
488 2531 667 2606 addin-quod
681 2534 853 2608 respondeat
866 2531 932 2592 voci
946 2538 1084 2590 latrones.

272 2617 282 2666 l
300 2615 361 2677 aed,
375 2623 406 2668 ut
417 2613 448 2686 itt
463 2609 605 2692 crotera]
617 2611 635 2668 i.
652 2631 679 2670 e·
694 2615 746 2670 setl
761 2631 820 2688 quo
834 2611 860 2670 si
872 2625 970 2672 utatur
987 2626 1091 2682 orator,
1114 2613 1194 2672 exile
1215 2613 1283 2681 erit,
1295 2622 1345 2671 etc.

228 2689 371 2750 Similiter
385 2693 502 2748 locutus
517 2704 562 2749 est
576 2691 685 2749 Noster
699 2690 729 2750 in
743 2691 860 2751 Senect.
876 2712 901 2750 c.
917 2701 945 2748 4.
955 2697 1049 2750 moltae
1059 2695 1143 2750 etiam
1157 2693 1268 2770 (erant)
1283 2689 1348 2750 utin
1377 2693 1378 2698 ’

227 2775 337 2827 homine
353 2775 492 2836 Romano,
511 2771 621 2828 litere:
655 2783 685 2827 et
708 2769 737 2827 in
762 2772 854 2830 Bruto
879 2792 903 2829 c.
929 2777 975 2827 36.
1015 2773 1052 2827 L.
1079 2775 1187 2830 Cetius·
1198 2775 1348 2842 Antipater

228 2853 434 2922 scriptorsuit,
445 2864 477 2910 ut
485 2853 657 2920 tenatioribus
669 2853 734 2926 illis,
747 2854 928 2914 luculentum
948 2849 998 2908 cui
1011 2853 1083 2911 adde
1104 2853 1177 2910 illutl
1189 2852 1273 2910 Livii
1302 2851 1346 2907 lib.

229 2938 276 2989 24.
292 2952 316 2991 e
330 2938 375 2986 ns,
393 2945 425 2988 ut
439 2931 468 2987 in
480 2934 533 2986 tali
543 2940 678 3001 tempore,
691 2941 747 2988 etc.
789 2931 868 2991 Vide
878 2947 947 3008 qtrae
961 2931 1071 2992 Noster
1090 2933 1163 2992 matt
1175 2932 1212 2988 de
1236 2930 1349 2990 Stoico·

227 3031 296 3072 rum
311 3010 455 3070 sermonis
469 3027 578 3084 genere
593 3012 622 3068 in
632 3010 662 3066 ii.
679 3015 727 3066 38.

246 3089 248 3096 '
268 3098 285 3147 2
299 3104 425 3150 attamen
438 3089 602 3171 ejusmodi]
622 3089 784 3148 Lambinus
798 3102 827 3149 et
853 3109 922 3150 eum
948 3104 1068 3151 secutus
1081 3088 1214 3149 Clericus
1227 3098 1349 3152 censent

227 3173 433 3247 legendumne
447 3173 580 3237 tandem
601 3171 757 3238 nonnullae,
771 3169 871 3242 fateor,
886 3169 1037 3230 Editiones
1052 3174 1156 3229 babent
1166 3179 1197 3226 'et
1210 3175 1348 3232 tandem,-

228 3253 282 3308 sed
298 3252 380 3310 MSti
394 3251 493 3309 nulliit
508 3253 622 3326 vulgata
631 3249 754 3308 lectione
764 3251 915 3320 recedunt,
930 3265 1056 3326 excepto
1070 3253 1146 3310 Nov-
1161 3249 1214 3325 qui
1227 3249 1348 3309 exhibet

226 3348 261 3390 ac
277 3344 381 3392 tomen.
424 3332 481 3388 Vis
495 3329 576 3388 verbi
596 3341 721 3386 attamen
743 3329 811 3388 setis
824 3329 948 3390 fortasse
969 3330 1085 3406 patebit,
1112 3329 1137 3388 si
1150 3326 1347 3406 praecedentia

226 3413 315 3470 verba
325 3429 379 3486 per
392 3407 580 3469 Parentlresin
591 3409 668 3466 dicta
678 3427 743 3466 esse
758 3407 962 3486 intelligantur.
1006 3411 1177 3469 Notandum
1191 3408 1281 3468 enam
1295 3417 1346 3474 est,

227 3488 300 3547 clun
312 3505 449 3567 sequatur
463 3493 520 3546 otta
534 3489 607 3554 enlm
622 3501 649 3542 et
664 3492 780 3544 bonnet
798 3495 882 3554 molo,
895 3504 951 3548 etc.
991 3489 1169 3548 vCiceronem
1184 3488 1347 3564 perverba,

228 3587 282 3640 quo
295 3574 339 3626 uti
349 3573 386 3626 od
400 3573 508 3640 colgus
517 3571 595 3622 nullo
606 3569 797 3636 modestorst't,
811 3569 939 3628 voluisse
950 3582 1047 3628 notare
1062 3571 1199 3645 dogmata
1209 3568 1347 3645 quadum

228 3647 394 3707 Stoicorum
410 3649 589 3722 oratoriopta
602 3665 659 3704 non
674 3645 784 3716 nisse,
804 3646 939 3724 quamvis
952 3649 1132 3726 baecprimo
1144 3661 1266 3724 aspectu
1286 3642 1345 3704 dici

226 3723 378 3785 videantur
391 3731 540 3788 decorum
553 3726 696 3785 sermonis
712 3745 830 3803 genere.
1139 3779 1147 3790 ,

268 3809 285 3860 3
300 3817 337 3871 et,
352 3811 400 3874 qui
410 3809 604 3877 Xenocratem,
615 3809 743 3877 Polemo,
764 3823 791 3864 et
820 3811 946 3874 Crantor
958 3812 1031 3868 ttilril
1042 3811 1077 3862 oi
1093 3804 1344 3867 Aristotele-dis·

227 3882 336 3964 sensit]
359 3886 422 3942 Non
434 3897 554 3944 necesse
568 3901 623 3954 est,
638 3901 671 3948 ut
685 3889 730 3946 vel
745 3905 814 3946 cnm
829 3886 975 3946 Lambino
987 3892 1126 3964 legemus
1140 3891 1345 3952 dissenserunt,

226 3967 272 4026 vel
284 3983 351 4022 cum
360 3963 524 4025 Gulielmio
533 3969 657 4034 dissensi
665 3990 677 4034 ,-
697 3965 775 4028 Ctirn
789 3985 844 4028 nec
860 3969 981 4026 Polemo
1000 3986 1056 4026 nec
1079 3969 1204 4026 Crantor
1216 3967 1346 4042 andierat

225 4047 390 4114 Platonem,
405 4047 469 4104 haec
483 4051 571 4102 verba
582 4051 654 4105 nibil
666 4051 701 4102 ab
715 4047 875 4114 Aristotele,
889 4060 945 4104 etc.
955 4047 1093 4108 videntur
1101 4045 1253 4122 praecipui
1269 4043 1347 4102 dicta

225 4145 293 4184 esse
308 4128 345 4184 de
358 4123 525 4202 Speusippo
538 4140 567 4182 et
582 4127 756 4196 Xenocrate,
770 4125 822 4202 qoi
845 4125 901 4185 unit
922 4141 995 4186 cnm
1019 4127 1180 4187 Aristotele
1196 4125 1347 4186 audierant

225 4205 386 4265 Platonem.
430 4203 602 4280 Saepissime
621 4210 698 4280 apud
723 4205 998 4274 tirasonensem
1028 4210 1129 4284 plures
1159 4200 1345 4262 Nominativi

225 4301 314 4343 casus
324 4285 478 4362 singularis
492 4284 608 4342 numeri
617 4289 796 4360 praecedunt,
807 4288 939 4352 verbum,
949 4290 1026 4364 quod
1037 4285 1179 4362 sequitur,
1193 4301 1264 4342 curn
1275 4281 1347 4348 ulti·

177 4397 179 4404 ι
225 4381 277 4420 mo
291 4369 355 4420 solo
374 4367 504 4426 cohaeret
520 4375 550 4423 et
570 4363 725 4439 singularis
749 4379 794 4423 est
814 4364 939 4422 numeri.
980 4367 1079 4438 Quare
1099 4363 1216 4422 retineo
1238 4379 1346 4422 vocem

225 4444 366 4498 dissensit.
407 4445 474 4502 Nec
489 4461 620 4510 moveor,
643 4443 721 4518 quod
738 4443 871 4519 sequitur
881 4445 1031 4514 starum,-
1052 4448 1108 4502 hoc
1122 4442 1206 4500 enim
1220 4444 1348 4500 verbnm

225 4523 301 4577 etad
311 4521 460 4590 Crantore,
470 4527 542 4582 etad
560 4521 763 4590 Aristotelem,
777 4525 908 4600 itemque
926 4527 965 4582 ael
976 4527 1178 4594 Polemonem,
1193 4521 1347 4580 Xenocra-

158 4598 170 4606 “
225 4608 288 4667 tem
297 4611 328 4660 et
342 4600 544 4678 Speusippum
555 4601 699 4673 refertum
719 4601 777 4664 'vox
789 4605 923 4664 dicernat
936 4603 1087 4667 nonitem.
