2854 5016
263 409 298 466 ³2
648 393 706 456 DE
725 395 930 460 ORATORE

261 547 411 630 dicendi,
428 546 601 621 subtiliter
612 544 877 643 persequmnirri.
926 545 1036 630 Quod
1054 545 1195 645 quidem
1208 551 1236 622 si
1256 547 1323 624 erit

261 651 390 722 duobis
406 649 641 745 impetratum,
664 667 824 741 magnam
840 644 985 724 habebo,
996 646 1133 728 Crasse,
1144 648 1226 722 lrtrie
1240 639 1322 746 θρα·

258 749 391 822 laesnae
416 759 450 818 et
463 745 667 817 Tusculano
682 752 745 813 tuo
760 739 912 835 gratiam,
942 749 979 811 et
993 742 1099 838 longe
1118 743 1320 819 Academiae

257 848 305 921 illi
319 871 359 920 ac
376 847 499 943 Lyceo
514 855 614 916 tuum
641 839 708 912 hoc
724 839 960 910 suburbanum
981 843 1204 936 gymnasium
1229 856 1323 920 ante

281 968 395 1018 onam.

255 969 280 1042 p
305 1043 424 1114 XXII.
448 1042 545 1112 Tum
560 1037 633 1121 ille,
649 1033 727 1110 luri>
740 1034 836 1117 verd,
862 1035 989 1132 inquit,
1004 1037 1141 1134 sulpiti,
1157 1061 1325 1136 rogemus

256 1137 468 1218 Antonium,
497 1138 556 1234 qui
581 1147 619 1208 et
643 1145 759 1234 potest
781 1135 895 1209 faeere
913 1135 960 1216 id,
986 1136 1082 1232 quod
1103 1138 1258 1232 requiris,
1288 1149 1327 1211 et

255 1237 450 1318 consuevit,
464 1245 505 1308 ut
519 1245 554 1306 te
563 1233 667 1306 audio
679 1235 805 1306 dicere.
855 1233 948 1308 Nam
961 1243 978 1296 ⁷
989 1259 1045 1306 me
1059 1234 1201 1331 quidem
1213 1237 1328 1308 fateor

255 1340 428 1434 sempara
445 1357 572 1430 genere
586 1331 654 1404 hoc
665 1340 744 1405 toto
757 1333 925 1404 sermonis
938 1333 1117 1429 refugisse,
1131 1341 1167 1404 et
1189 1333 1250 1404 tibi
1268 1361 1327 1408 cu·

255 1434 366 1532 pienti
383 1444 486 1529 atque
506 1431 652 1504 instanti
670 1430 860 1528 saepissime
878 1455 1037 1528 negasse,
1062 1441 1105 1503 ut
1126 1439 1204 1504 tute
1220 1433 1327 1530 paulo

254 1542 338 1606 ante
348 1531 486 1606 dixisti:
512 1532 607 1628 quod
621 1553 687 1628 ego
700 1554 773 1601 non
787 1529 954 1628 superbia,
985 1554 1104 1627 neque
1129 1529 1327 1602 inhumani·

255 1629 527 1716 talefaciebarn,
550 1654 668 1726 neque
692 1653 765 1724 quo
778 1639 842 1701 tuo
865 1630 983 1702 studio
999 1628 1197 1703 rectissimo
1220 1635 1328 1726 alque

254 1729 387 1828 optimo
400 1753 474 1802 non
490 1729 633 1825 obsequi
643 1728 781 1809 vellem,
794 1731 990 1826 praesertim
1006 1751 1087 1801 cum
1100 1739 1136 1800 te
1150 1753 1260 1800 unum
1283 1749 1329 1798 ex

254 1828 416 1902 omnibus
428 1828 471 1900 ad
485 1828 680 1902 'dicandum
696 1828 858 1900 maxime
889 1837 1011 1901 natum
1032 1835 1232 1924 'aptumque
1248 1825 1328 1922 cogss

255 1947 418 2008 nossem;
441 1927 505 1990 sed
524 1927 725 1996 mehercule
742 1928 842 2014 istius
860 1925 1103 2029 disputationis
1126 1923 1329 2006 insolentia,
1403 1937 1404 1956 ¹

255 2027 365 2114 atque
379 2039 497 2088 earum
514 2037 642 2095 rerum,
660 2009 772 2108 8qutie
787 2011 883 2109 quasi
899 2019 1027 2084 rn'drt'e
1044 2017 1247 2094 traduntur,
1277 2021 1330 2091 irr-

255 2115 363 2188 scitia.
415 2111 513 2184 Tum
521 2110 641 2192 Cotta,
658 2111 839 2193 Quoniam
855 2109 890 2181 id
903 2110 999 2206 quod
1012 2107 1254 2184 difficillimum
1267 2122 1330 2188 nd

256 2213 310 2285 bis
322 2211 515 2292 videbatur,
527 2217 568 2282 ut
582 2209 729 2282 omnino
741 2207 784 2279 de
795 2205 848 2279 his
858 2207 975 2289 rebus,
986 2208 1123 2289 Crasse,
1133 2209 1329 2305 loquerere,

254 2312 404 2385 assecuti
414 2333 559 2395 sumus3
583 2309 626 2389 de
642 2308 779 2404 reliquo
794 2307 867 2404 jam
886 2318 1006 2380 nostra
1032 2307 1132 2404 eulpa
1149 2307 1274 2392 luerit,
1298 2313 1328 2384 'si

254 2419 300 2492 te',
319 2411 387 2481 nisi
405 2409 537 2487 omnia,
556 2429 638 2503 quae
654 2405 876 2504 percunctati
897 2406 1044 2487 erimus,
1069 2407 1264 2504 explicaris‘,
1281 2409 1327 2480 di

257 2507 461 2578 miserimus.
513 2503 652 2585 Dahis,
678 2503 785 2578 credo
810 2505 927 2584 rebus,
961 2505 1076 2603 inquil
1097 2505 1260 2586 Crassus,
1287 2518 1329 2582 ut

293 2675 310 2724 6
320 2666 479 2747 palestra]
492 2667 540 2728 De
553 2665 664 2745 duplici
673 2676 811 2738 palestra
823 2687 890 2738 usu,
903 2681 963 2730 tam
978 2668 1163 2748 philosophis
1176 2669 1326 2747 disputas-

253 2748 333 2808 tibus
343 2762 428 2826 aptae,
439 2750 531 2828 quam
543 2749 729 2820 luctantibus,
742 2750 824 2808 disco
834 2749 1011 2830 ludentibus,
1022 2761 1079 2809 etc.
1089 2749 1155 2809 vide
1166 2770 1233 2828 quae
1246 2753 1327 2810 Nos·

251 2841 297 2888 ter
310 2831 384 2889 dicit
399 2830 429 2888 in
443 2829 475 2888 ii.
493 2841 519 2888 5.
539 2831 719 2889 Consulatur
737 2823 826 2889 e'tiam
841 2831 920 2887 Nota
939 2849 1009 2888 mea
1021 2831 1057 2886 ad
1071 2849 1178 2888 vocem
1187 2833 1324 2900 flalaertrae

251 2909 282 2966 in
296 2912 402 2969 eodem
416 2909 521 2985 capite.
1214 2909 1220 2926 ²

289 2995 362 3047 tme
373 2993 483 3062 quictem
496 2988 590 3050 fateor
601 2989 730 3065 senatur]
748 2989 793 3058 Ita
808 2985 890 3046 MSti
913 2986 999 3048 Nerf.
1015 2987 1097 3046 Cant.
1112 2986 1210 3050 Gonu.
1225 2989 1325 3050 Mead.

251 3081 282 3130 et
291 3071 375 3130 Harl.
388 3069 458 3138 duo,
472 3082 506 3128 ut
520 3069 609 3130 etiam
624 3069 738 3130 Manut.
750 3081 780 3126 et
793 3067 956 3127 Lambinus
966 3065 1132 3136 ediderunt,
1145 3069 1243 3127 addito
1253 3090 1326 3130 mox

250 3147 281 3206 in
291 3150 349 3206 line
360 3149 511 3209 sententiae
521 3152 610 3208 verbo
619 3161 651 3209 ut
660 3160 726 3207 ante
737 3151 825 3210 verba
835 3153 984 3220 tutelraulo
996 3161 1061 3204 ante
1074 3150 1185 3204 dixisti.
1208 3149 1301 3206 Recti:
1314 3171 1324 3218 ;

250 3243 308 3284 nou
323 3227 403 3284 euim
418 3229 565 3302 sulpitius
578 3229 693 3290 dixerat
708 3229 736 3286 in
747 3227 928 3306 praecedenti
941 3225 1036 3302 capite
1047 3229 1193 3286 Crassum
1214 3235 1325 3298 semper

249 3305 268 3364 a
279 3327 385 3380 genere
393 3309 442 3361 doc
453 3319 508 3362 toto
519 3315 653 3368 sermonis
666 3313 830 3382 refugisse:
851 3307 949 3366 solium
970 3309 1087 3366 dixerat
1106 3307 1250 3364 Crassum
1264 3306 1325 3382 ipsi

250 3389 373 3458 capienti
385 3397 469 3460 utque
477 3389 595 3444 instanti
609 3392 756 3457 sepissime
769 3407 896 3460 arguare.
935 3389 1014 3448 Illud
1028 3385 1155 3448 Crassus
1168 3403 1246 3444 nunc
1266 3387 1326 3461 pri-

250 3485 338 3528 mum
347 3463 464 3523 fatetur.
506 3465 605 3540 Vulgi>
616 3468 721 3524 absunt
734 3485 822 3522 voces
833 3470 927 3536 fiateor
941 3481 971 3526 et
985 3481 1025 3524 ur.

259 3553 261 3558 ’
292 3555 308 3604 8
325 3564 383 3618 qaae
397 3548 478 3616 quusi
491 3546 522 3598 in
545 3557 607 3600 arte
623 3549 786 3610 traduntur,
810 3543 956 3622 inscitia]
974 3547 1009 3601 In
1026 3544 1144 3618 vulgato
1164 3544 1323 3606 verborum

250 3625 362 3693 ordine,
378 3625 456 3696 quari
465 3626 620 3680 truduntur
629 3628 660 3678 in
672 3636 742 3691 arce,
756 3641 813 3680 non
835 3623 921 3700 video
936 3621 1004 3697 quid
1018 3621 1089 3680 velit
1100 3626 1181 3694 quasi
1201 3629 1323 3683 tradere.

249 3702 414 3762 Lambinus
426 3701 471 3760 sic
482 3704 569 3760 verbu
579 3704 703 3760 collocat
714 3723 721 3769 ;
743 3721 800 3776 quae
810 3707 891 3776 quasi
899 3700 931 3757 in*
940 3715 1001 3757 arte
1011 3703 1177 3769 traduntur,
1187 3702 1300 3760 inscitia
1309 3729 1322 3770 ‚·

250 3795 281 3840 et
294 3785 374 3840 hunc
387 3781 525 3840 ordinem
539 3793 655 3842 servant
668 3781 750 3839 Msri
765 3784 848 3840 Cant.
858 3781 939 3838 Harl.
947 3781 1014 3849 duo,
1024 3782 1115 3859 Wag.
1123 3779 1222 3839 Gonu.
1233 3783 1265 3842 N
1267 3784 1321 3840 orf.

238 3863 316 3938 Bal.
332 3859 414 3936 Mag.
428 3873 461 3919 et
472 3862 605 3936 optimus
619 3858 700 3922 ioan.
717 3863 748 3921 N
751 3880 784 3920 ec
800 3859 886 3918 aliter
900 3859 1049 3918 Cicereii.
1066 3867 1107 3916 ll.
1118 3865 1228 3938 aliquid
1237 3867 1321 3920 eriam

226 3967 228 3982 ·
249 3964 285 4001 ne
298 3945 465 4000 testimoniis
491 3943 575 4017 quasi
590 3942 620 4002 in
643 3955 704 4000 arte
729 3946 851 4000 trudere.
892 3941 1019 4013 Crassus
1035 3957 1157 4016 semper
1171 3941 1320 4010 dubitavit,

143 4013 149 4022 ’
249 4035 331 4082 esset
347 4021 506 4080 Rhetorica
530 4024 599 4092 Ars,
611 4041 726 4082 necrre:
747 4020 892 4097 quandam
905 4030 1004 4078 tamen
1021 4019 1248 4080 similitudinem
1264 4023 1323 4080 Ar·

248 4102 287 4162 tis
301 4097 491 4162 Rhetoricam
503 4103 611 4160 habere
625 4103 793 4180 contendit:
815 4099 858 4157 sic
869 4099 887 4156 i.
904 4105 951 4156 23.
966 4099 1037 4159 dicit
1056 4102 1118 4171 ille,
1131 4105 1185 4158 sibi
1210 4103 1322 4160 dicendi

247 4199 298 4241 aut
308 4187 412 4242 nullum
421 4197 519 4250 artem,
534 4195 581 4240 aut
594 4183 887 4258 pertenuem'videri.
927 4181 1013 4240 Idem
1028 4183 1119 4240 sensit
1132 4181 1278 4240 Antonius
1288 4179 1319 4238 ii.

138 4259 142 4264 ’
172 4279 174 4284 ·
249 4268 275 4316 8.
296 4267 321 4318 ia
335 4267 359 4318 ai
372 4282 426 4319 nun
435 4261 521 4333 silani
533 4275 631 4332 artem,
642 4279 671 4320 ut
688 4261 772 4338 quasi
793 4271 887 4318 artem
912 4265 1051 4336 quandum·
1074 4265 1225 4319 inveniret.
1252 4261 1321 4318 Est

249 4339 342 4416 igitur
354 4347 434 4412 quaa·
448 4347 478 4399 in
489 4341 551 4400 arte
561 4347 683 4412 trudere,
697 4345 765 4400 dare
779 4354 929 4419 praecepta
942 4341 972 4402 in
986 4361 1023 4401 ea
1037 4341 1182 4413 facultate,
1197 4359 1265 4418 quae
1281 4339 1318 4401 si·

248 4419 448 4480 militudinem
459 4423 606 4497 quandam
621 4422 722 4480 Aartis
738 4423 835 4480 habet.
