2808 5020
243 337 297 398 m
650 321 710 394 DE
728 321 933 394 ORATORE

243 484 336 560 ferri.
385 479 478 556 Nam
503 477 542 554 in
567 503 611 552 ea
627 477 701 580 ipsa
716 503 854 561 caussa,
881 479 926 552 ds
942 501 1014 576 qua
1029 483 1114 552 onte
1139 475 1222 559 dixi,
1251 465 1348 549 nihil

239 581 393 696 pertinet
408 581 452 653 ad
468 578 616 691 oratoris
627 579 722 652 locos
741 579 868 690 Qpinrii
886 602 1043 689 persona,
1057 573 1142 648 nihil
1154 573 1277 648 Decii:
1302 576 1348 648 de

241 701 318 780 rpso
329 703 424 752 emm
440 701 604 752 universo
619 699 749 774 genere
762 680 1064 768 rnfinrtaquaestro
1080 685 1146 754 cst,
1158 671 1194 746 N
1196 694 1262 746 um
1272 697 1348 772 poe·

242 803 294 854 na
303 775 463 851 videatur
474 799 551 850 esse
560 775 774 855 afficiendus,
785 774 847 872 qui
858 773 966 845 civem
977 773 1348 846 exsenatusconsuito

241 877 367 976 patriae
383 876 633 950 conservandae
647 895 769 946 caussa
786 869 1014 949 interemerit,
1030 868 1112 944 cum
1125 869 1159 942 id
1173 897 1236 968 per
1248 871 1348 968 leges

242 999 317 1050 non
329 975 462 1048 liceret.
512 973 621 1046 Nulla
636 964 788 1068 deniqne
801 993 879 1042 esse
892 991 1032 1049 caussa,
1051 967 1170 1066 inqua
1182 968 1229 1050 id,
1249 968 1349 1066 quod

240 1071 278 1146 in
292 1072 461 1169 judicium
477 1071 586 1153 venit,
602 1095 647 1143 ex
657 1093 796 1144 reorum
810 1067 977 1166 personia,
990 1090 1062 1138 non
1076 1091 1239 1164 generum
1255 1069 1350 1164 ipso-¹

240 1187 320 1246 rum
336 1170 497 1243 universa
514 1169 751 1266 disputatione
768 1175 958 1264 quaeratur.
1007 1163 1215 1245 Quinetiam
1239 1165 1286 1237 in
1311 1164 1351 1238 iis

240 1269 334 1368 ipsis,
357 1266 419 1340 ubi
431 1263 475 1339 de
492 1267 589 1338 facto
605 1265 804 1360 ambigitur,
821 1263 1015 1362 Ceperitne
1027 1273 1154 1336 contra
1176 1262 1278 1362 leges
1295 1289 1353 1362 pe·

242 1364 367 1443 eunias
382 1365 423 1437 P.
436 1363 581 1445 Decius,
592 1371 802 1460 argumenta
817 1371 855 1433 et
870 1361 1054 1434 criminum
1074 1369 1111 1434 et
1127 1360 1352 1436 defensionis

242 1473 451 1540 revocentur
467 1471 607 1560 oportet
623 1461 670 1532 ad
685 1483 798 1556 genus
819 1469 858 1532 et
879 1459 924 1531 ad
948 1468 1112 1532 naturam
1129 1458 1353 1534 universam:

243 1561 342 1662 quod
359 1571 609 1671 sumptuosus,
617 1559 662 1671 de
679 1557 841 1645 luruna3
863 1553 962 1655 quod
982 1557 1087 1631 alieni
1104 1572 1291 1669 appetens,
1309 1559 1353 1631 de
1385 1571 1386 1666 t

241 1660 402 1748 avaritia,
425 1655 527 1758 quod
539 1657 733 1739 sedrtrosus,
747 1657 791 1730 de
804 1655 1021 1730 turbulentis
1031 1665 1069 1730 et
1082 1656 1184 1730 mohs
1197 1656 1355 1739 civibus;
1385 1671 1386 1742 t

242 1759 342 1860 quod
359 1757 518 1834 &multis
532 1757 701 1856 arguitur,
724 1756 769 1828 de
793 1778 922 1852 genere
945 1754 1110 1828 testium:
1136 1765 1353 1850 contraque,
1385 1755 1386 1776 ,

241 1883 325 1958 quae
341 1879 406 1957 pro
417 1881 479 1930 reo
495 1855 669 1936 dicentur,
686 1853 807 1928 omnia
820 1849 1018 1926 necessario
1038 1854 1228 1950 atempore
1240 1863 1351 1949 atque

242 1957 386 2028 homine
401 1955 451 2028 ud
466 1972 672 2028 communes
689 1976 804 2024 rerum
829 1959 865 2022 et
879 1973 1051 2046 generum
1068 1972 1227 2022 summas
1243 1951 1349 2024 revol-

240 2063 378 2128 ventur.
427 2044 549 2146 Atque
566 2049 646 2121 hsec
666 2047 816 2140 forsitan
841 2045 986 2126 homini,
1013 2069 1087 2120 non
1103 2047 1238 2128 omnia,
1266 2071 1348 2146 quae

241 2159 329 2228 sunt
351 2149 390 2224 in
415 2153 540 2221 natura
554 2169 684 2228 rerum,
709 2143 866 2219 celeriter
881 2143 997 2216 animo
1025 2145 1345 2242 comprehendenti,

237 2247 414 2350 ‘permulta
429 2245 629 2326 videantur,
652 2267 736 2342 quae
753 2243 899 2316 ueniant
915 2242 955 2316 in
964 2240 1139 2340 judicium
1156 2253 1247 2326 tum,
1267 2246 1346 2317 otim

241 2347 287 2422 de
302 2349 399 2424 facto
410 2353 610 2440 quaeratur:
635 2334 723 2414 ²sed
739 2350 858 2414 tamen
874 2341 1061 2416 criminum
1076 2357 1131 2418 est
1146 2341 1345 2424 multitudo,

110 2501 113 2512 .
137 2453 157 2525 f
240 2467 316 2519 non
331 2443 578 2516 defensionum
592 2449 654 2514 aut
670 2439 827 2514 locorum
842 2438 991 2512 infinita⁴

283 2582 366 2638 fleca
377 2591 470 2638 tamen
490 2579 640 2636 criminant
658 2589 699 2636 em
714 2577 872 2646 multitado,
885 2593 940 2634 non
954 2575 1155 2654 defunctoriam,
1166 2579 1245 2663 etc]
1259 2583 1345 2642 Iam·

241 2656 329 2718 binus
340 2659 419 2718 hanc
433 2657 535 2718 locum
544 2655 587 2716 sic
601 2671 640 2716 ex
654 2655 826 2734 conjectura
838 2654 969 2734 corrigit,
983 2665 1035 2719 sed
1047 2675 1138 2720 ramea
1153 2666 1296 2722 namnum
1308 2669 1345 2718 en

241 2739 465 2808 multitudanon
478 2739 636 2802 criminum,
645 2749 695 2793 ant
711 2739 914 2810 defecationem,
923 2751 974 2794 our
987 2745 1110 2800 locorum
1124 2745 1262 2814 infimae:
1283 2741 1344 2798 Ma·

241 2817 297 2880 lim
309 2817 449 2896 equidem
457 2819 571 2894 legere,
580 2821 632 2875 sed
641 2830 733 2874 tamen
752 2819 898 2874 criminum
914 2831 955 2874 est
969 2825 1125 2886 multitado,
1140 2839 1194 2876 saon
1208 2824 1345 2896 desma-

242 2917 309 2956 aam
323 2903 446 2958 iscoram
465 2899 602 2970 infinita.-
622 2894 697 2954 Loci
707 2893 825 2972 propris
839 2907 907 2954 sunt
926 2897 1013 2952 sedes
1026 2909 1285 2974 argumentorum,
1310 2917 1344 2957 aa

243 2977 352 3056 quibua
364 2989 552 3036 sternuntur
570 2997 579 3034 a
598 2976 651 3034 sed
665 2993 720 3052 pro
733 2974 781 3034 his
791 2993 849 3034 vox
858 2989 1027 3047 argmenta
1050 2974 1160 3050 saepius
1174 2979 1344 3054 usurpatur,
1384 2999 1385 3006 ¹

241 3070 276 3118 ut
289 3061 377 3134 paulo
389 3071 466 3125 ante,
487 3055 557 3115 etin
568 3075 594 3115 c.
606 3061 653 3111 32.
670 3055 720 3113 ubi
746 3053 855 3114 dicitur
871 3069 1042 3127 argomento
1064 3059 1247 3128 offensionis.
1290 3061 1344 3118 Per

245 3137 363 3195 emmim
376 3135 456 3196 idern
470 3133 637 3212 intelligere
651 3133 755 3210 possis,
765 3136 843 3212 quod
853 3153 976 3200 caussas,
1000 3134 1071 3194 cum
1090 3154 1125 3193 aa
1146 3136 1199 3192 has
1213 3139 1342 3212 plerum·¹
1384 3175 1385 3190 ,

242 3232 303 3292 que
319 3216 453 3275 efficiunt
475 3235 599 3286 canetae,
621 3217 660 3274 de
677 3215 784 3292 quibus
797 3213 847 3272 hic
868 3213 1000 3291 loquitur
1013 3215 1141 3274 Cicero:
1162 3214 1285 3275 sicine.
1299 3223 1342 3272 25.

242 3298 427 3370 dosrraesere
441 3313 565 3365 caussae,
575 3315 634 3368 qne
647 3301 758 3369 quadem
778 3307 846 3352 eant
868 3292 1029 3354 criminum
1050 3301 1224 3368 summam,
1237 3299 1342 3368 infitia-

243 3375 318 3432 tione
331 3379 531 3450 defendantur.
562 3377 622 3433 Per
636 3379 809 3446 deJ‘emiones
827 3373 900 3434 vero
915 3375 1028 3436 Noster
1044 3374 1160 3434 videtur
1177 3373 1341 3451 significare

243 3471 289 3523 aa,
302 3455 370 3532 quae
390 3468 421 3514 et
434 3465 534 3512 contra
547 3471 634 3512 rcum
649 3467 681 3512 et
695 3472 749 3528 pro
763 3473 815 3514 reo
839 3455 998 3514 dicuntur:
1018 3454 1055 3513 nb
1070 3452 1140 3513 verb
1155 3456 1213 3514 hoo
1230 3467 1340 3516 tremere

243 3532 356 3592 dictum
377 3530 534 3601 arbitreris,
561 3533 683 3590 consule
695 3551 720 3588 c.
741 3541 786 3590 30.
799 3547 898 3608 utetc.
915 3541 961 3591 29.
983 3535 1042 3606 ubi,
1066 3531 1136 3592 curn
1157 3535 1194 3592 de
1215 3534 1340 3592 docendo

242 3626 342 3673 sermo
356 3627 410 3681 est,
421 3609 522 3671 omnia
536 3629 579 3680 ea,
591 3629 660 3686 quae
686 3613 792 3672 docent
805 3612 835 3672 in
849 3613 973 3680 caussis,
988 3613 1098 3673 Noster
1110 3615 1238 3689 appellat
1248 3619 1338 3687 desert·

242 3694 332 3748 aonia
340 3705 517 3765 argentomo,
526 3691 675 3768 additque,
685 3697 744 3760 sed,
756 3698 884 3768 quoniam
892 3697 940 3752 illa
946 3702 1029 3764 pars,
1041 3699 1071 3751 in
1086 3696 1142 3766 atad
1155 3713 1252 3752 renem
1268 3698 1339 3764 tyrsa-

243 3789 308 3830 rum
318 3775 470 3838 exoticam
479 3771 653 3831 andefonsio
662 3777 757 3843 posita
771 3786 824 3843 eat,
837 3783 894 3832 etc.
935 3773 1022 3831 Unde
1036 3783 1147 3831 consur
1162 3777 1338 3848 dffenaianm

243 3849 368 3908 eandem
383 3867 552 3927 essequam
569 3852 784 3922 explicationem
797 3872 901 3920 rernm,
921 3851 940 3910 i.
951 3871 977 3909 e.
991 3854 1046 3910 hoc
1065 3853 1186 3916 nomine
1202 3851 1339 3934 appellata

243 3947 311 3989 esse
334 3927 432 3987 omnia
446 3947 515 4006 quae
528 3945 627 3992 orator
641 3930 712 3992 dicit
724 3949 787 3992 suae
802 3949 914 3990 caussae
939 3927 1129 3991 defendendas
1152 3933 1253 4010 gratia,
1280 3929 1337 3986 siva
1369 3977 1371 3984 ,

243 4009 379 4087 aliquam
389 4021 515 4080 accusat,
540 4011 600 4070 sive
614 4011 691 4092 ejus,
717 4011 770 4089 qui
795 4023 960 4080 accusatur,
987 4025 1125 4087 patronus
1147 4024 1201 4072 ost.
1242 4009 1336 4074 Aliam

243 4089 447 4169 conjecturam
460 4083 543 4167 (nam
552 4090 583 4148 in
597 4111 630 4152 re
639 4106 701 4154 tam
714 4091 826 4150 incerta
839 4089 951 4150 iterum
963 4105 1051 4170 atque
1065 4091 1176 4152 iterum
1185 4089 1334 4174 conjicien-

244 4170 317 4250 dum
331 4168 391 4250 est)
411 4167 482 4230 libet
501 4171 539 4228 ob
552 4173 656 4230 oculos
679 4172 798 4232 lectoris
820 4188 941 4248 ponere,
962 4178 1014 4232 aed
1032 4187 1125 4230 tamen
1139 4177 1283 4234 amasinum
1296 4176 1334 4223 eat

243 4253 393 4308 multitudo
404 4261 434 4309 et
448 4253 647 4324 dqunonam,
668 4271 726 4311 non
739 4256 862 4309 lacertam
886 4253 1020 4326 infinita.-
1039 4271 1080 4309 se.
1100 4269 1157 4310 non
1175 4267 1221 4313 est
1234 4245 1333 4328 infinita

169 4357 173 4362 ·
244 4328 404 4417 mutitudo
417 4331 551 4391 lemnum
565 4331 727 4390 criminum
739 4343 770 4390 ct
778 4330 984 4392 defensionum
997 4355 1007 4404 t
1031 4331 1092 4390 sive
1106 4335 1249 4403 locorum,
1263 4325 1332 4389 undo

243 4417 276 4462 aa
286 4406 732 4473 caminam-staofmsisnisus
746 4429 799 4472 sua
811 4427 985 4490 argumenta
997 4423 1125 4473 catores
1138 4414 1297 4488 promeant-
