2882 5012
574 269 708 335 ainau
728 269 785 335 111.
804 279 854 334 as.
1187 283 1251 337 ,aas

127 417 206 491 -lrnc
218 433 457 500 numerorum,
473 419 664 496 dummodo
676 435 722 496 ne
734 424 942 496 continuum
954 417 1010 500 ut
1037 420 1074 494 in
1090 423 1257 498 orationis

127 517 241 590 laude
257 525 418 614 ponetur.
467 518 569 599 Nam,
594 521 622 593 si
639 519 734 593 rudis
745 531 783 596 et
799 521 956 619 impolita
972 519 1123 618 putanda
1135 532 1188 594 est
1198 523 1257 596 illa

124 615 215 688 ¹asine
231 613 417 688 intervallis
437 616 628 712 loquacitas
645 619 806 716 perennis
822 630 858 692 et
883 620 1074 716 profluens,
1098 619 1258 714 quidest

129 708 236 788 aliud
251 737 395 794 caussae,
420 716 711 813 currepudietur‚
737 715 802 788 nisi
817 719 914 814 quod
930 715 946 766 8
961 716 1141 790 hominum
1157 741 1259 790 aurea

131 835 260 886 vocem
272 822 395 890 natura
410 811 635 887 modulantur
651 812 748 912 ipsa?
771 816 867 912 quod
890 815 977 898 fieri,
1003 815 1070 887 nisi
1085 815 1178 886 inest
1193 839 1261 890 nu·

130 933 255 984 merus
277 913 315 984 in
340 937 438 995 voce,
464 937 536 984 non
552 921 678 1010 potest:
704 935 873 986 numerus
889 923 1005 986 autem
1021 912 1263 986 incontinua

130 1007 233 1082 tione
252 1011 374 1082 nullus
385 1019 458 1083 est:
474 1009 667 1092 distinctio,
681 1017 719 1082 et
728 1011 919 1107 aequalium
931 1019 969 1082 et
978 1033 1076 1108 saepe
1087 1010 1259 1085 variorum

130 1103 396 1182 intervallorum
410 1110 582 1206 percussio
593 1133 781 1185 numerum
793 1109 952 1192 conficio
969 1131 1074 1204 quem
1084 1108 1122 1181 in
1133 1108 1258 1182 caden-

10 1235 11 1242 ¹
132 1203 237 1278 tibus
254 1207 373 1302 guttis,
397 1207 497 1305 quod
512 1209 699 1282 intervallis
714 1206 989 1304 distinguuntur,
1005 1217 1124 1280 notare
1139 1231 1263 1302 possu-

129 1326 235 1389 mus3
260 1303 299 1376 in
308 1306 401 1378 amni
417 1307 657 1404 praecipitante
670 1329 743 1379 nou
754 1327 950 1401 possumus.
1000 1301 1155 1385 Quodsi
1171 1329 1255 1378 con·

132 1399 284 1476 tinuatio
296 1406 480 1478 verborum
492 1407 572 1480 haec
582 1406 696 1480 soluta
706 1403 820 1480 multo
828 1413 883 1476 est
893 1403 1004 1501 aptior
1015 1413 1120 1500 atque
1127 1403 1257 1500 jucun·
1381 1449 1386 1480 2

9 1535 16 1577 r
134 1499 226 1579 dior,
250 1499 280 1571 si
295 1511 352 1574 est
366 1503 520 1576 articulis
545 1501 778 1598 membrisque
794 1500 968 1584 distincta,
993 1501 1152 1598 quamsi
1176 1525 1259 1574 con·

129 1596 321 1672 tinuataac
334 1599 513 1697 producta,
538 1602 689 1675 membra
699 1600 757 1676 illa
769 1599 964 1676 modificata
975 1623 1048 1678 esse
1063 1599 1253 1685 debebunt;

133 1719 219 1793 quae
236 1696 316 1770 siin
332 1709 486 1772 extremo
498 1699 649 1772 breviora
661 1706 755 1779 sunt,
781 1697 981 1796 infringitur
996 1697 1054 1772 ille
1070 1697 1167 1794 quasi
1183 1721 1257 1770 ver-

9 1832 12 1876 r
133 1795 262 1866 borum
277 1796 425 1870 ambitus
443 1798 510 1890 (sic
525 1796 620 1871 enim
635 1799 697 1872 has
712 1793 877 1881 orationis
892 1797 1132 1870 conversiones
1151 1793 1251 1868 Grae·

9 1933 13 1960 ¹.
130 1891 170 1964 ci
197 1894 417 1986 nominantlz
442 1920 547 1992 quare
571 1905 631 1970 aut
653 1895 744 1992 paria
757 1917 831 1966 esse
854 1891 988 1966 debent
1003 1892 1189 1992 posteriora
1205 1915 1260 1965 su·

8 2045 10 2054 s
135 1990 343 2088 perioribus,
367 2002 524 2068 extrema
543 1992 686 2092 primis3
710 2001 781 2074 aut,
807 1992 903 2090 quod
928 1991 1033 2068 etiam
1056 1999 1109 2066 est
1133 1991 1257 2066 melius

134 2087 384 2186 erjueundiuc
413 2093 581 2190 longiora.
1257 2041 1336 2165 ··(lJ

186 2188 317 2260 XLIX.
344 2188 462 2286 Atque
480 2193 560 2266 haec
584 2191 726 2289 quidem
741 2195 785 2266 ab
802 2192 844 2266 iis
871 2191 1094 2292 philosophis,
1110 2213 1199 2288 quos
1215 2198 1256 2264 tu
1300 2190 1302 2198 ’
1396 2213 1398 2220 ·

133 2285 285 2360 marina
300 2284 426 2384 diligis,
443 2288 583 2369 Catule,
598 2289 689 2364 dicta
706 2303 812 2365 sunt:
837 2291 933 2392 quod
948 2289 992 2364 el>
1016 2289 1144 2388 aaepius
1162 2286 1255 2361 testi·

132 2387 232 2467 ficor,
248 2394 288 2456 ut
302 2385 505 2460 auctoribus
514 2387 698 2462 laudandis
708 2389 916 2488 ineptiarum
932 2390 1067 2464 crimen
1082 2385 1256 2484 effugiam.
1393 2461 1402 2488 „

131 2483 297 2564 Quarum
312 2482 474 2556 tandem?
497 2485 613 2582 inquit
637 2487 785 2560 Catulus
808 2489 902 2560 ⁹aut
918 2487 1004 2584 quid
1025 2483 1260 2584 disputatione

134 2579 207 2652 ista
218 2581 330 2652 afferri
347 2588 464 2678 potest
486 2583 699 2679 elegantius?
723 2595 782 2658 aut
802 2586 948 2660 omuino
972 2585 1039 2660 dici
1068 2579 1258 2656 subtilius?

132 2667 188 2751 At
205 2678 302 2754 enim
318 2703 448 2760 vereor,
475 2680 589 2775 inquit
619 2681 777 2766 Crassus,
803 2708 850 2756 ue
874 2683 953 2755 haec
980 2692 1042 2754 aut
1072 2681 1261 2752 difficiliora

135 2774 217 2850 istis
241 2777 286 2850 ad
311 2779 601 2874 persequendum
632 2806 709 2854 esse
742 2780 941 2862 videantur3
981 2787 1053 2858 aut,
1081 2777 1260 2872 quianon

136 2875 327 2949 traduntur
352 2873 390 2947 in
407 2876 535 3048 vulpari
561 2877 626 2952 ista
640 2863 830 2978 disciplina,
846 2900 912 2952 nos
934 2901 973 2948 ea
989 2875 1115 2972 majora
1133 2887 1175 2947 ac
1199 2871 1260 2946 dif-

133 2971 278 3047 faciliora
289 2973 396 3046 videri
409 2976 463 3047 vel
477 2976 692 3049 evideamur.
741 2969 841 3054 wTum
851 2974 1007 3057 Catulus,
1017 2975 1130 3053 Erras,
1142 2971 1259 3066 inquit

135 3071 272 3155 Crasse,
285 3071 312 3144 si
326 3079 388 3143 aut
399 3097 468 3156 me,
485 3082 546 3146 aut
562 3073 687 3150 horum
715 3099 926 3173 quemquam
952 3076 1091 3170 putasa
1117 3078 1153 3142 te
1177 3069 1260 3142 hacc

134 3192 242 3267 opera
253 3169 453 3270 quotidiana
464 3173 529 3246 et1
546 3181 727 3271 pervagata
738 3183 958 3269 exspectare:
974 3169 1051 3252 ista,
1062 3191 1145 3266 quae
1158 3165 1256 3254 dicis,

180 3307 197 3356 8
211 3303 354 3356 hominum
367 3299 471 3380 aurea]
489 3299 618 3358 Ursinus
630 3319 669 3358 ex
684 3299 747 3358 auis
761 3298 859 3359 MStis
872 3295 954 3374 legit,
973 3301 1117 3355 nominum
1136 3294 1267 3356 auribus¹

136 3395 239 3436 nocem
248 3391 356 3436 natura
371 3384 538 3438 modulatur
551 3382 617 3450 ipra
629 3399 639 3437 r
661 3380 770 3454 quibus
783 3380 925 3438 accedunt
939 3377 1022 3436 MSti
1037 3375 1150 3434 rimer
1161 3378 1258 3435 Moru.

138 3459 197 3516 nec'
210 3459 296 3518 aliter
308 3457 369 3518 fere
385 3461 501 3519 locutus
515 3471 560 3517 est
574 3460 684 3518 Noster
696 3457 726 3516 in
735 3461 861 3518 Oratore
874 3477 899 3515 c·
913 3463 955 3514 ta.
972 3461 1041 3528 Ilua
1050 3469 1166 3521 notura,
1177 3460 1260 3525 quoae·

135 3541 336 3596 modularetur
371 3544 516 3600 bominum
550 3542 715 3610 orationem,
740 3543 770 3596 a'n
799 3542 873 3594 omen
902 3541 990 3594 verbo
1011 3539 1109 3607 posuit
1142 3548 1259 3592 acutam

135 3637 248 3688 vocem,
262 3630 319 3678 etc.

180 3703 197 3753 9
212 3710 263 3754 aut
273 3697 361 3780 quid]
379 3696 513 3771 Rectius,
526 3697 637 3774 opinor,
647 3701 807 3776 legendum
822 3709 876 3768 est,
891 3699 959 3772 quid
972 3707 1031 3754 aue.

183 3781 194 3830 l
207 3783 376 3851 pervagata
401 3774 597 3857 expectarer]
625 3779 670 3837 Ita
693 3779 763 3838 edit.
788 3783 858 3836 Asc.
883 3779 976 3836 Streb.
995 3777 1074 3835 Man·
1103 3777 1206 3852 Steph.
1230 3787 1261 3836 et

138 3855 244 3918 Lamb.
258 3875 373 3915 necnon
388 3858 471 3916 MSti
486 3860 566 3916 Cant.
576 3857 662 3916 Norf.
678 3860 739 3917 Bal.
756 3859 830 3916 Nor.
857 3857 947 3932 Wag.
962 3855 1062 3914 Mead.
1084 3857 1164 3914 Harl.
1192 3857 1260 3926 duo,

136 3937 225 4010 Mag.
251 3936 324 3994 Bod.
347 3937 547 4012 editionesque
562 3940 641 3996 Ven.
656 3949 686 3996 et
709 3935 830 3996 Mediol.
845 3947 875 3994 et
888 3935 931 3993 alc
947 3934 1011 3993 Cic.
1027 3936 1155 4012 loquitur
1167 3929 1195 3988 ii.
1212 3937 1259 3988 29.

137 4025 315 4072 sunttamen
329 4027 358 4070 et
370 4035 404 4073 re
416 4021 567 4090 faciliora,
577 4031 606 4074 et
612 4019 765 4087 preceptis
781 4025 973 4088 pervagata.-
1001 4015 1045 4072 sic
1068 4013 1098 4070 iu
1123 4014 1205 4068 Orat.
1227 4028 1262 4070 ur

134 4105 329 4176 pervagatum
345 4101 504 4171 etvulgore
517 4099 664 4164 videatur,
679 4108 709 4154 et
721 4094 789 4152 alibi
806 4113 896 4170 saepe·
937 4092 1041 4166 Vulgo
1063 4089 1173 4164 legitur
1193 4099 1262 4160 trer-

133 4190 237 4247 ναμε
259 4175 312 4233 sed
327 4193 384 4234 vox
392 4183 545 4248 perungue
557 4193 701 4250 nusquam
715 4172 745 4230 in
757 4174 906 4233 veteribus
920 4166 1132 4245 coaptamini
1146 4170 1262 4243 saltem,

138 4252 278 4322 occurrit,
291 4252 349 4312 nisi
363 4258 457 4328 semel
464 4256 495 4314 in
509 4255 589 4315 ovid
603 4255 639 4312 de
654 4255 730 4314 ane
741 4253 881 4328 Amandi,
895 4253 924 4311 ii.
942 4259 983 4306 18·

170 4343 252 4384 -tam
262 4344 333 4384 voato
343 4347 474 4402 per-vagus
490 4335 546 4385 orbe
558 4343 629 4400 puer.

101 4407 109 4420 “
132 4398 195 4470 Ubi
207 4417 264 4458 vox
273 4411 427 4474 pervagus
441 4399 683 4477 significatoriae
693 4417 793 4472 vogno
804 4411 835 4459 et
848 4399 1030 4455 errabundas
1043 4417 1054 4454 .·
1074 4416 1152 4470 eam,
1169 4415 1259 4476 quam

127 4481 261 4562 postulat
275 4481 325 4540 liic
339 4480 494 4543 Ciceronis
506 4481 591 4546 locus
603 4477 858 4558 significationem,
872 4493 1036 4552 numquam
1051 4480 1147 4542 hahet.
