2882 5012
551 315 680 379 nrnnr
694 315 751 378 111.
772 317 820 380 rr.
1183 327 1243 400 ssa

92 467 293 567 aliquanto
312 461 469 562 spissius,
495 473 556 538 eut
573 467 602 539 si
628 491 695 564 ego
711 493 789 542 sum
812 463 952 548 tardior,
972 465 1129 564 profecto
1142 495 1243 546 num·

91 565 492 664 quamconquiescenr,
518 589 637 660 neque
648 564 860 664 defatigabor
883 575 978 647 ante,
988 565 1244 663 quamillcrum

95 651 286 762 ancipites
297 665 368 735 vias
383 662 610 758 rationesque
626 673 663 734 et
680 691 742 762 pro
758 663 920 738 omnibus
938 673 972 736 et
989 674 1112 738 contre
1127 667 1244 742 omnia

98 761 314 860 disputandi
324 785 522 862 percepero.
574 761 673 834 Tum
683 765 814 845 Caesar,
833 764 970 843 Unum,
989 761 1115 860 inquit,
1131 789 1244 840 meex

95 875 344 936 tuosermone
371 860 536 940 maxime,
552 859 688 944 Crasse,
718 865 732 912 1
752 863 949 941 commovit,
969 861 1065 958 quod
1075 885 1158 936 eum
1181 887 1243 938 ne·

96 959 210 1055 gesti,
227 960 289 1055 qui
309 983 385 1032 uon
398 956 472 1032 cito
485 958 569 1054 quid
586 957 776 1040 didicisset,
802 983 969 1056 umquam
986 961 1129 1034 omnino
1139 985 1240 1058 posse
1272 1007 1273 1012 =

96 1046 326 1154 perdiscere:
352 1066 392 1129 ut
414 1055 497 1129 mihi
513 1057 649 1128 nonsit
666 1057 805 1132 difficile
822 1058 1018 1154 periclitari,
1036 1067 1072 1130 et
1086 1069 1150 1132 aut
1175 1069 1243 1134 sta·

97 1157 173 1228 tim
192 1154 371 1252 percipere
383 1154 458 1237 ista,
474 1177 559 1253 quae
574 1163 617 1226 tu
628 1155 743 1228 verbis
759 1156 802 1227 ad
819 1157 953 1229 eoelum
967 1156 1121 1230 extulisti
1135 1181 1145 1241 ;
1169 1167 1242 1240 eut,
1365 1159 1372 1172 '

99 1254 137 1325 si
169 1277 244 1325 non
274 1253 458 1350 potuerim,
483 1264 623 1350 tempus
646 1279 719 1326 non
744 1253 896 1350 perdere,
920 1255 1004 1328 eum
1041 1263 1160 1330 tamen
1183 1256 1242 1331 his

98 1350 240 1425 nostris
265 1351 394 1446 possim
411 1375 488 1424 esse
513 1362 714 1425 mutentur.
765 1350 840 1426 Hic
856 1352 1037 1448 Sulpitius,
1049 1353 1127 1450 Ego
1142 1351 1242 1436 vere,

103 1449 240 1546 inquit,
265 1447 405 1532 Crasse,
433 1474 551 1548 neque
569 1449 796 1522 Aristotelem
818 1449 935 1528 istum,
959 1473 1077 1548 neque
1093 1451 1240 1526 carnee

102 1548 204 1627 dem,
223 1571 289 1621 uec
313 1547 600 1646 philosophorum
615 1571 831 1644 quemquam
855 1546 1032 1620 desidero:
1056 1549 1110 1622 vel
1127 1574 1185 1624 me
1200 1548 1240 1624 li·

102 1658 168 1719 cet
182 1646 363 1720 existimes
378 1647 558 1742 desperare
576 1669 680 1742 posse
697 1647 762 1718 istu
778 1644 992 1743 perdiscerc3
1015 1647 1069 1719 vel
1085 1647 1120 1720 id
1137 1648 1239 1744 quod

101 1743 209 1822 facio,
234 1753 474 1818 contemnere.
526 1743 618 1816 Mihi
642 1767 759 1817 rerum
776 1746 966 1816 forensium
990 1753 1028 1817 et
1045 1745 1238 1820 communi·

104 1864 172 1914 um
188 1839 335 1937 vulgaris
352 1843 433 1915 haec
448 1843 606 1938 cognitio
623 1843 707 1917 satis
723 1865 848 1937 magna
873 1851 927 1914 est
950 1841 997 1915 ed
1012 1865 1102 1925 eam,
1132 1867 1238 1942 quarn

101 1948 245 2035 specto,
262 1939 522 2036 eloquentium
550 1943 626 2014 2ex
644 1966 715 2038 que
739 1943 812 2039 ipse
826 1950 944 2014 tamen
961 1942 1133 2038 permulta
1158 1966 1237 2015 nes·

104 2038 175 2118 cio,
199 2059 284 2134 quae
303 2048 377 2113 tum
393 2039 561 2135 denique,
587 2041 671 2114 cum
688 2063 811 2114 caussa
826 2038 952 2135 aliqua,
976 2063 1060 2137 quae
1079 2044 1100 2112 ai
1115 2065 1174 2114 me
1188 2040 1239 2114 di·

104 2135 223 2208 cende
237 2147 311 2216 est·
328 2137 512 2218 desiderat,
535 2161 671 2236 questo.
722 2137 975 2220 Quamobrem,
1001 2137 1067 2210 nisi
1088 2137 1239 2214 fortene

98 2233 175 2330 jam
187 2233 358 2316 defessus,
381 2245 419 2307 et
432 2235 459 2308 si
473 2235 533 2308 tibi
546 2261 620 2308 non
640 2237 750 2332 gravis
779 2259 917 2314 sumus,
941 2233 1033 2308 refer
1059 2235 1235 2319 adulare,

105 2353 192 2428 quoe
209 2331 253 2404 ad
271 2332 380 2430 ipsius
397 2334 560 2408 orationis
576 2333 714 2408 leudem
730 2333 1025 2432 splendoremque
1039 2334 1236 2431 pertinent,

106 2453 195 2528 quae
219 2428 348 2529 ego'ex
372 2441 408 2505 te
423 2432 543 2506 audire
570 2433 677 2514 volui,
702 2457 777 2506 non
794 2447 834 2508 ut
856 2433 1075 2530 desperarem
1091 2433 1238 2508 meele-

104 2529 289 2625 quentiam
301 2532 470 2627 consequi
488 2565 489 2568 ¹
536 2555 602 2612 sse,
620 2533 681 2605 sed
698 2541 739 2604 ut
751 2531 885 2628 aliquid
898 2531 1123 2607 addiscerem

154 2625 357 2700 XXXVII.
374 2627 471 2700 Turn
481 2554 628 2702 dianus
642 2630 927 2725 Pervulgatasres
940 2631 1097 2725 requiris,
1106 2631 1233 2726 inquit,

107 2733 147 2798 et
163 2723 225 2796 tibi
242 2748 317 2797 non
334 2723 543 2822 incognitos,
567 2727 714 2826 Sulpiti:
737 2728 817 2824 quis
840 2726 935 2800 enim
951 2726 996 2798 de
1018 2725 1089 2798 isto
1103 2751 1235 2822 genere

104 2844 182 2896 non
199 2821 344 2896 docuit?
360 2845 442 2896 ,non
460 2823 636 2898 instituit?
661 2851 736 2900 non
759 2825 866 2898 etiarn
888 2823 1056 2936 scriptum
1072 2825 1210 2922 reliquit
1219 2824 1236 2902 t

104 2921 169 2994 sed
187 2946 306 3018 geram
327 2944 473 3002 morem,
498 2933 534 2996 et
557 2949 599 2996 ea
614 2925 797 3007 duntaxat,
821 2943 904 3023 quoe
921 2920 1008 2995 mihi
1032 2931 1232 3006 notarunt,

106 3019 256 3094 breviter
272 3021 446 3118 exponam
462 3021 546 3095 tibi:
571 3026 724 3097 censebo
739 3039 856 3099 tamen
872 3023 916 3094 ad
932 3045 1005 3102 eos,
1030 3021 1090 3116 qui
1112 3031 1232 3096 aucto

103 3140 161 3192 res
175 3127 212 3190 et
229 3119 429 3200 inventores
446 3135 529 3193 sunt
549 3121 672 3198 harum
690 3125 776 3198 sane
794 3122 1006 3198 minutarum
1024 3143 1152 3200 rerum,
1176 3143 1229 3193 re·

105 3217 332 3292 uertendum.
356 3287 360 3294 ,
382 3217 511 3296 Omnis
522 3220 630 3316 igitur
643 3221 754 3298 oratio
768 3219 953 3296 conficitur
963 3241 1007 3292 ex
1017 3217 1136 3300 verbis,
1147 3241 1231 3315 quo

105 3337 189 3388 rum
214 3313 363 3410 primurn
390 3318 492 3389 nobis
512 3319 600 3392 ratio
623 3318 822 3418 simpliciter
849 3314 996 3390 videnda
1012 3325 1076 3398 est,
1104 3317 1233 3392 deinde

106 3411 319 3509 conjuncte:
348 3439 431 3490 nem
448 3424 503 3488 est
518 3417 821 3513 quidemornatus
837 3414 1011 3495 orationis,
1036 3414 1098 3511 qui
1109 3437 1154 3488 ex
1164 3413 1235 3486 sin·v

106 3511 199 3607 gulia
215 3512 326 3588 verbis
343 3526 418 3598 est;
443 3514 542 3600 alius,
566 3517 626 3615 qui
652 3542 698 3592 ex
717 3514 940 3594 continuatis
964 3512 1232 3612 conjunctisque

147 3669 156 3716 ¹
175 3659 350 3744 ⁶⁰mm⁰viffl
376 3663 397 3722 i·
409 3681 436 3722 e.
451 3683 501 3724 me
517 3677 661 3727 attentum
673 3664 765 3726 fecit:
786 3669 852 3726 haee
878 3681 946 3731 ror,
969 3675 1002 3721 ut
1015 3673 1097 3738 patet
1119 3683 1159 3724 ex
1183 3681 1229 3723 se·

106 3740 270 3815 quentibus,
285 3742 421 3819 placendi
439 3763 559 3806 sensum
584 3745 634 3805 hic
656 3749 752 3814 habet,
780 3764 837 3804 uon
852 3742 900 3820 (ut
912 3742 1019 3821 vutgd)
1046 3743 1229 3822 displicendi.

107 3817 157 3875 Sic
168 3817 275 3878 dicitur
284 3827 570 3890 commoverilaee'tid,
583 3829 702 3900 gaudio,
713 3837 772 3884 etc.
814 3824 881 3882 Nec
895 3821 972 3882 eliud
983 3842 1041 3882 vox
1050 3826 1229 3902 comoedo,

102 3896 220 3958 ridetur
233 3898 400 3976 significare
416 3902 447 3963 in
462 3909 494 3962 S.
511 3906 648 3966 Matthaei
661 3904 692 3964 ii.
706 3913 744 3962 ὃς
765 3899 901 3981 quemvis
912 3901 992 3962 enim
1007 3902 1085 3966 fama
1104 3899 1234 3960 Measiae*

106 3977 164 4035 nati
176 3993 282 4054 regem
298 3979 452 4043 Herodem
468 3999 550 4045 metu
564 3984 758 4045 commoverit
770 3997 801 4042 et
813 3983 1005 4060 perturberit,
1032 3999 1131 4044 tamen
1155 3979 1230 4040 reri·

105 4055 201 4114 simite
213 4071 258 4117 est
272 4075 397 4120 caeteroe
410 4063 472 4124 fere
482 4065 500 4126 J
503 4067 604 4124 udaeos
618 4065 685 4144 ejus
703 4065 785 4124 urbis
799 4081 851 4138 spe
865 4073 896 4122 et
911 4063 1017 4138 gaudio
1031 4058 1129 4138 potitis
1149 4077 1231 4120 com·

106 4150 201 4195 motos
215 4135 317 4200 fuisse.
363 4142 437 4204 Vide
447 4145 536 4205 etiarn
548 4147 574 4202 S.
594 4145 689 4204 Lucae
704 4142 722 4200 i.
738 4149 784 4198 29.
800 4141 858 4202 Sic.
872 4142 903 4202 in
918 4142 1004 4216 Virg.
1025 4143 1087 4198 AEu.
1110 4158 1140 4198 x.
1161 4145 1229 4216 ⁶48,

106 4224 182 4285 arem
193 4223 330 4278 turbidus
345 4227 463 4282 damis:
483 4239 514 4284 et
529 4225 629 4284 Horat.
645 4221 785 4282 Caninii.
803 4229 845 4279 19.
861 4230 888 4280 6.
902 4217 1049 4279 turbidam
1068 4223 1189 4278 laetarer.

146 4301 162 4349 2
178 4316 218 4352 ετ
232 4306 367 4372 quailtate
378 4302 501 4386 tamem]
512 4324 553 4363 sc.
568 4322 607 4362 ex
622 4302 892 4373 rerumsorener'um
904 4313 933 4358 ec
952 4302 1151 4358 communium
1164 4308 1233 4362 val·

102 4377 168 4445 gari
181 4383 352 4451 cognitione,
366 4383 404 4442 de
419 4401 477 4460 qna
489 4387 576 4458 paulo
589 4397 654 4443 ante
669 4381 812 4458 Sulpitins
830 4382 954 4441 dixerats
996 4379 1098 4438 Voces
1111 4403 1151 4440 ex
1170 4403 1230 4458 qua

107 4451 269 4518 referendae
285 4476 353 4520 sunt
362 4465 400 4522 ed
415 4475 590 4540 sequentem
603 4481 709 4522 vocem
719 4481 834 4534 quere:
852 4455 962 4534 alioqui
974 4457 1137 4538 legendum
1151 4479 1230 4525 esset

107 4536 211 4608 inqua,
221 4541 300 4615 quod
312 4553 482 4603 &mennon
495 4553 568 4618 puto
581 4542 759 4609 Ciceronem
772 4536 933 4612 scripsisse.
948 4567 950 4574 ι
