2808 5020
265 377 316 434 ru
665 343 947 434 nsoanrons

259 513 438 594 maenae
447 518 733 614 generaversati:
750 519 908 614 'quorum
919 514 1086 616 quamdiu
1095 503 1225 594 mansit
1234 514 1337 595 imita·

258 613 316 694 tio,
326 613 454 686 tamdiu
470 638 582 712 genus
599 615 686 689 illud
701 615 839 692 dicendi
858 617 1082 714 studiumque
1096 615 1192 697 uixit,
1209 617 1333 692 Postea

257 711 1035 810 quam‚extinais11is,omniseorummemoria
1046 714 1337 790 sensimobsoura·

258 818 297 884 ta
310 819 410 883 estet
424 810 578 890 evanuit,
593 809 662 882 alia
673 809 840 904 quaedam
853 808 990 884 dicendi
1000 811 1158 885 molliora
1170 837 1214 888 ae
1230 812 1339 886 remis·

258 907 346 980 siora
377 933 507 1004 genera
522 907 723 1002 viguerunt:
759 906 840 980 inde
853 907 1103 991 Demochares,
1119 910 1339 1005 qusm'aiuut

256 1003 503 1080 sororisfilium
519 1003 627 1078 fuisse
647 1005 922 1092 Demosthenis;
962 1015 1038 1082 tum
1067 1007 1259 1080 Phalereus
1285 1006 1337 1084 ille

255 1102 466 1183 Demetrius,
477 1101 633 1176 omnium
645 1103 805 1186 istorum,
814 1129 894 1178 mea
904 1103 1093 1187 sententia
1105 1103 1339 1202 politissimus,

136 1271 142 1281 ,
254 1198 385 1296 aliique
395 1200 653 1272 oommsimiles
668 1201 878 1274 exstiterunt
893 1228 901 1274 :
926 1226 1009 1299 quae
1023 1203 1051 1274 si
1063 1204 1220 1276 volemus
1230 1225 1342 1298 usque

254 1297 301 1370 ad
317 1297 383 1370 hoo
400 1297 729 1466 tempquersequi,
753 1299 997 1396 intelligemus,
1014 1311 1056 1372 ut
1072 1299 1175 1382 hodie
1188 1301 1341 1374 Alaban·

255 1393 511 1468 densemillum
566 1395 724 1470 eneelem
734 1396 771 1468 et
783 1396 857 1493 ejus
873 1397 1016 1471 fratrem
1028 1396 1241 1480 Hieroclem,
1253 1421 1341 1494 quos

255 1517 320 1592 ego
347 1491 477 1573 audivi,
501 1503 577 1566 tota
595 1493 775 1567 limitatur
801 1493 887 1566 Asia
899 1523 910 1581 ;
934 1495 983 1568 sio
1000 1519 1134 1592 semper
1148 1495 1256 1568 luisse
1282 1495 1342 1566 ali·

252 1616 368 1688 quem,
407 1590 508 1688 eujus
540 1617 577 1664 se
600 1589 727 1664 similes
749 1593 905 1690 plerique
934 1617 1012 1666 esse
1038 1592 1176 1668 vellent.
1231 1591 1343 1668 Hans

254 1687 361 1786 igitur
386 1689 648 1764 similitudinem
668 1691 728 1787 qui
745 1690 944 1765 imitatione
966 1691 1105 1788 assequi
1132 1691 1237 1772 votet,
1264 1701 1344 1768 tum

254 1786 563 1872 exercitationibus
588 1788 720 1864 'crebris
744 1797 854 1886 atque
882 1789 1031 1886 magnis,
1057 1800 1135 1862 tum
1160 1787 1342 1885 seribendo
1387 1801 1389 1866 l

253 1884 405 1958 maxime
421 1897 672 1983 persequatur:
698 1885 903 1982 quodsihio
919 1896 1038 1960 noster
1065 1883 1340 1982 Sulpitius,.iaoe·
1386 1907 1387 1934 t

254 1991 320 2058 ret,
345 1983 457 2054 multo
469 1983 541 2076 ejus
552 1983 660 2056 oratio
672 1993 765 2054 esset
780 1985 930 2078 pressior
940 2012 951 2069 ;
975 1984 1018 2058 in.
1034 2007 1108 2078 qua
1121 2007 1221 2058 uuna
1238 1981 1339 2056 inter·
1386 1987 1387 1998 ³

253 2075 350 2160 dum,
363 2088 404 2150 ut
415 2078 452 2150 in
465 2079 577 2152 herbis
589 2079 708 2154 rustici
718 2079 832 2154 solent
841 2080 968 2161 dioere,
979 2081 1019 2161 iu
1028 2103 1166 2160 summa
1180 2081 1337 2152 ubertate

253 2173 347 2249 inest
360 2176 514 2250 luxuries
528 2177 709 2274 quaedam
723 2200 806 2274 quur
829 2178 911 2252 stilo
924 2177 1148 2274 depascenda
1160 2185 1224 2251 est.
1275 2177 1338 2253 Hie

251 2271 434 2372 Sulpitius,
451 2275 514 2349 Me
531 2275 681 2372 quidem,
710 2276 837 2384 inquit,
865 2275 961 2353 recte
975 2299 1111 2358 mones,
1136 2274 1241 2374 idque
1258 2274 1338 2356 milri

252 2383 395 2470 gratum
411 2386 489 2459 est;
513 2373 574 2446 sed
590 2401 635 2446 ne
653 2383 690 2445 te
706 2374 859 2470 quidem,
875 2371 1024 2453 Antoni,
1041 2373 1193 2446 multum
1210 2373 1337 2471 seripti-

251 2477 349 2542 tasse
365 2471 519 2544 arbitror.
570 2471 666 2556 Tum
683 2470 753 2552 ille,
781 2471 899 2556 Quasi
926 2469 1020 2552 verb,
1041 2470 1182 2566 inquit,
1214 2495 1338 2545 nones

250 2567 451 2666 praeeipiam
461 2569 551 2649 aliis,
568 2591 650 2664 quae
661 2569 743 2664 mihi
759 2569 825 2665 ipsi
841 2569 974 2642 desunt
996 2569 1058 2641 sed
1072 2577 1190 2642 tumen
1200 2581 1216 2624 2
1228 2593 1276 2642 ne
1296 2580 1338 2644 n·

251 2663 354 2760 bulas
368 2665 703 2762 quidemoonfioere
718 2667 915 2744 existimor:
939 2667 1073 2758 verbm
1089 2675 1127 2750 et
1142 2666 1184 2746 ins
1212 2667 1282 2740 hoo
1294 2692 1336 2742 ex

250 2785 288 2834 re
302 2761 456 2838 familiari
474 2789 564 2858 mea,
577 2774 614 2838 et
630 2765 667 2838 in
684 2763 744 2838 illo
758 2791 804 2839 ex
816 2791 869 2848 eo,
895 2763 990 2863 quod
1008 2765 1099 2844 dieo,
1128 2765 1337 2862 quantulum

246 2859 286 2932 id
303 2886 455 2960 eumque
466 2874 530 2946 est,
546 2862 630 2961 quid
647 2863 777 2946 faeiem,
784 2862 932 2960 judicari
951 2874 1074 2962 potest.
1122 2863 1244 2956 Atque
1257 2887 1338 2936 esse

249 2965 370 3038 tamen
401 2962 530 3038 multos
551 2960 730 3044 uidemus,
752 3034 756 3040 Ν,
771 2960 830 3059 qui
862 2963 1040 3036 neminem
1069 2958 1268 3038 imitentur,
1301 2971 1342 3036 et·

250 3066 370 3156 suapte
386 3067 520 3141 natura,
536 3059 632 3156 quod
656 3059 774 3142 uelint,
798 3059 875 3132 sine
891 3059 1092 3156 cujusquam
1108 3055 1336 3134 similitudine

190 3205 194 3221 .
249 3168 531 3252 consequantur3
554 3157 651 3255 quod
662 3171 697 3230 et
709 3154 1079 3234 invobisanimadverti
1093 3157 1187 3228 reots
1202 3165 1335 3251 potest,

248 3251 369 3324 Caesar
385 3263 421 3326 et
436 3253 553 3338 Cotta,
567 3281 715 3353 quorum
731 3257 820 3330 alter
836 3255 1039 3330 inusitatum
1051 3250 1177 3326 nostris
1193 3251 1334 3350 quidem

131 3403 134 3410 .
250 3350 445 3427 oratoribus
456 3353 608 3451 leporem
620 3355 975 3450 quendametsaleur3
998 3350 1086 3426 alter
1095 3349 1330 3442 acutissimum

249 3459 287 3522 et
302 3449 564 3523 subtilissimum
581 3451 718 3524 dicendi
734 3475 845 3548 genus
860 3465 916 3528 est
934 3459 1155 3528 consecutus.
1206 3449 1245 3522 N
1244 3448 1332 3546 eque.

248 3545 331 3619 verb
350 3557 464 3619 uester
478 3547 622 3638 aequalis
638 3548 757 3629 Curio,
772 3559 867 3647 patre
883 3575 961 3625 mea
986 3546 1166 3622 sententia
1192 3547 1246 3619 vel
1265 3548 1330 3622 elo·

248 3643 476 3738 quentissimo
489 3645 698 3743 temporibus
712 3645 788 3730 illis,
805 3665 1014 3746 quemquam
1029 3644 1112 3718 mihi
1127 3669 1331 3742 magnopere

248 3761 392 3836 uirtutes)
403 3777 423 3836 ‚·'
436 3767 484 3828 cui
494 3767 672 3829 casuarium
684 3780 730 3831 est
743 3768 816 3828 illud
826 3772 930 3826 imitari
945 3773 1031 3826 etium
1043 3763 1230 3824 vitiaverat.
1246 3785 1272 3824 c.
1288 3772 1330 3824 22.

249 3840 299 3900 sic
312 3844 444 3916 Quinctil
462 3845 514 3906 xli.
528 3855 555 3904 2.
574 3845 644 3906 crim
658 3846 849 3908 imitationem
867 3861 988 3909 tractat:
1010 3851 1074 3904 Nec
1088 3844 1161 3909 veri
1174 3849 1275 3902 saltem
1288 3851 1331 3914 iis,

248 3925 348 3996 quibua
361 3927 400 3982 od
411 3931 548 3984 evitando
558 3927 745 4000 vitiujudicir'
757 3931 911 4000 satisfuit,
924 3929 1045 4002 sufficiat
1059 3929 1208 4000 imaginem
1223 3923 1332 3986 virtutis

248 4004 391 4076 effingere.
748 4066 750 4074 Α

292 4089 301 4138 l
318 4083 468 4166 imitatur]
490 4084 595 4162 Vulgo
608 4077 758 4147 imitetur}
779 4087 831 4146 sed
856 4105 962 4166 sequor
988 4084 1167 4150 Lambinus
1185 4097 1216 4146 ot
1229 4085 1330 4146 MStos

247 4161 349 4224 Meae.
363 4163 486 4224 etJoan.
500 4165 678 4240 spnmanu.
912 4172 918 4188 ¹

285 4248 303 4296 2
316 4248 470 4306 aetatulae
487 4249 600 4318 quidem
615 4243 772 4326 coarcere]
789 4247 917 4308 Veteres
932 4245 1058 4308 Romani
1070 4247 1184 4316 tubulas
1192 4243 1237 4303 rei
1249 4240 1328 4302 faml-

247 4317 326 4379 liaris
340 4341 402 4384 suae
416 4325 574 4384 contiscere
589 4327 716 4384 solebant
732 4347 747 4396 ς,
760 4339 791 4386 et
802 4325 903 4404 quieas
922 4342 980 4388 nou
994 4325 1192 4394 confecerunt,
1212 4338 1329 4384 suarum

246 4413 348 4458 rerum
361 4404 591 4482 negligentiores
604 4406 794 4486 putabantur:
815 4405 976 4475 Dettabulis
996 4403 1165 4470 domesticis
1185 4405 1328 4466 Romano·

247 4493 314 4540 rum
325 4478 391 4540 vide
405 4484 528 4546 Asconii
540 4487 628 4546 rurba
640 4483 728 4564 ciuus
740 4483 851 4546 lobea
866 4484 1252 4557 annuntiaturae.
1317 4524 1319 4530 .
