2808 5020
933 283 943 314 l

510 339 640 412 tmen
658 347 699 408 u.
718 351 766 416 lb
1134 363 1187 436 χες

18 507 19 510 ’
87 521 192 578 mam
207 495 345 573 venisse
357 493 489 577 dixisti,
507 487 885 599 videsne⁵Diogenenr
898 519 981 572 eum
995 494 1115 583 muse,
1126 505 1191 600 qui

97 601 243 680 diceret,
255 609 364 671 artem
380 621 416 669 se
428 596 563 668 tradere
581 599 671 670 bene
681 597 888 692 disserendi,
898 605 935 670 et
948 621 1027 670 vera
1038 621 1082 672 eo
1098 600 1187 676 falsu

95 693 322 796 dijudicandi,
344 695 567 793 quumverbo
590 691 722 767 timeo
735 708 892 772 semrom
906 694 1115 794 appelleret?
1141 699 1189 773 ln

96 799 171 870 hac
185 807 268 876 arte,
285 795 312 866 si
334 794 441 866 modb
464 800 520 864 est
544 791 624 866 baeo
645 816 715 874 ors,
736 790 874 864 nullum
889 807 945 868 est
958 805 1185 894 praeoeptum,

98 893 275 991 quomodo
291 917 412 965 verum
440 892 649 970 inveniatur,
668 891 728 964 sed
756 889 900 964 tontum
916 903 981 977 est,
1011 896 1190 992 quomodo

91 991 279 1090 judicetur.
344 991 440 1062 Nam
456 1001 493 1063 et
506 989 651 1071 ⁶omne,
673 989 771 1086 quod
786 989 991 1102 eloquimur,
1016 995 1069 1076 fit,
1095 1003 1138 1065 ut
1153 993 1192 1068 id

93 1101 157 1164 aut
172 1115 254 1162 esse
267 1088 435 1171 dieamus,
451 1099 601 1162 autnon
612 1111 712 1174 esse;
737 1097 785 1167 et,
797 1088 825 1160 si
836 1090 1041 1186 simplicitur
1057 1091 1190 1165 dietum

93 1190 153 1269 sit,
166 1187 360 1284 susoipiunt
376 1187 553 1268 dialectici,
568 1197 610 1260 ut
623 1185 794 1283 judicent,
810 1211 976 1260 verumne
992 1189 1049 1270 sit,
1066 1213 1115 1261 an
1127 1189 1189 1263 fnl-

95 1309 176 1358 sum
189 1313 200 1372 ;
225 1294 271 1366 el,
288 1285 314 1357 si
333 1285 526 1383 conjuncte
540 1286 582 1358 sit
597 1285 740 1365 eluttun,
755 1295 791 1355 et
807 1285 976 1382 adjuncto
997 1287 1068 1360 sint
1080 1288 1189 1369 sliu,⁷

79 1423 81 1430 ·
90 1383 264 1480 judicent,
277 1385 420 1459 rectene
432 1384 598 1483 adjuncta
612 1385 695 1463 sint,
708 1392 747 1455 et
758 1405 886 1456 verane
904 1409 1040 1457 summa
1051 1384 1098 1457 sit
1108 1386 1187 1462 uni·

95 1481 307 1580 uscujusque
317 1483 487 1556 rationis:
513 1499 550 1556 et
561 1482 604 1554 ad
613 1490 808 1554 extremum
820 1480 884 1579 ipsi
893 1505 931 1554 se
942 1495 1190 1580 compungunt

93 1579 165 1654 suis
177 1579 410 1663 acuminibus,
423 1593 460 1654 et
475 1582 589 1654 multa
601 1579 796 1677 quaereudo
807 1581 986 1677 reperiunt
997 1605 1070 1655 non
1082 1581 1188 1656 modb

93 1701 142 1760 eu,
158 1701 243 1776 quae
264 1680 364 1776 jamo
381 1705 457 1753 non
478 1681 613 1778 possint
628 1679 693 1847 ipsi
709 1678 907 1761 dissolvere,
922 1680 983 1751 sed
1000 1679 1101 1753 etiam
1116 1680 1189 1779 qui·

94 1779 253 1849 busente
265 1779 431 1858 exorsu,⁹
449 1787 488 1850 et
504 1777 619 1874 potius
660 1785 773 1847 etextu
787 1799 904 1874 prope,
926 1787 1189 1852 retexuntur.-

95 1873 173 1947 Ilio
189 1895 255 1948 nos
270 1873 375 1970 igitur
391 1875 530 1949 Stoicus
547 1874 614 1947 iste
633 1873 720 1947 nihil
736 1874 896 1972 adjuvat3
918 1876 1095 1972 quoniam,
1105 1899 1190 1974 que-

96 1971 322 2071 modmodum
333 1971 505 2048 inveniam
518 1973 601 2070 quid
610 1967 739 2056 dicum,
752 1997 825 2045 non
838 1974 955 2048 dooet:
980 1975 1189 2072 atqueidem

94 2070 205 2144 etiam
221 2070 387 2170 impedit3
412 2070 510 2170 qubd
521 2081 559 2145 et
579 2072 692 2152 multa
708 2072 842 2170 reperit,
855 2073 978 2170 ¹⁰quae
994 2085 1100 2171 neget
1114 2076 1191 2148 ullo

95 2168 202 2242 modo
214 2191 318 2265 posse
335 2169 484 2251 dissolri,
502 2182 540 2245 et
586 2193 676 2246 enus
692 2169 862 2244 sermonis
889 2173 988 2244 affert
1005 2195 1078 2243 non
1092 2171 1190 2267 liqui

97 2266 194 2348 dum,
213 2291 287 2338 non
303 2267 422 2340 fusum
438 2293 483 2342 ao
498 2195 700 2366 proiuens3
723 2266 788 2340 sed
799 2267 901 2349 exile,
917 2268 1059 2351 aridtun,
1076 2269 1191 2343 conci

96 2387 176 2437 sum
186 2389 227 2436 oo
239 2364 437 2439 minutum:
463 2367 559 2468 quod
574 2367 603 2440 si
622 2368 700 2465 quis
711 2365 881 2464 probabit,
897 2367 951 2441 ita·
965 2367 1134 2466 probabit,
1147 2377 1190 2442 ut

95 2463 222 2537 oratori
236 2473 354 2538 temen
365 2475 488 2560 aptum
500 2489 574 2540 non
587 2489 665 2540 esse
677 2465 1049 2541 fateaturzbseoenim
1069 2477 1191 2542 nostra

97 2562 213 2634 oratio
243 2559 477 2637 multitudinis
504 2574 560 2637 est
586 2564 726 2639 auribus
751 2567 1191 2648 accommodandum&

141 2715 157 2764 5
172 2707 342 2778 Diogenem,
356 2701 553 2782 sumsuisse]
567 2705 685 2764 Vocem
705 2723 768 2763 eum
790 2701 891 2779 recepi
903 2702 1072 2762 auctoritate
1087 2699 1191 2757 Msto

96 2805 170 2847 rum
185 2785 284 2843 Mead.
309 2785 389 2848 loan.
401 2785 485 2843 Cant.
502 2785 579 2844 Nor·
594 2796 624 2846 et
635 2786 724 2863 Wag.
735 2795 858 2864 quamet
879 2781 1081 2858 recipiendum
1094 2776 1189 2838 fuisse

97 2867 172 2926 elim
186 2863 302 2923 monuit
315 2860 486 2924 Lambinus.

138 2942 284 3022 evulgo,
306 2963 397 3014 omne,
415 2948 494 3016 quod
511 2949 680 3019 eloquimur,
690 2943 743 3016 sic,
756 2941 829 3025 eto]
850 2941 1028 3020 Discrepant
1040 2939 1057 2996 *a
1071 2957 1104 3004 se
1116 2934 1189 2996 invi·

96 3047 166 3088 oem
179 3027 210 3084 in
224 3028 280 3084 boe
294 3028 359 3084 loco
366 3023 443 3082 libri.
457 3076 460 3089 .
485 3026 544 3084 Pro
559 3045 631 3090 voce
645 3029 687 3084 sic
703 3023 1010 3087 bissenorum.
1030 3017 1188 3108 hebentfif·

97 3104 402 3180 MsuMag.,Pa1.pr.
415 3105 513 3164 Mem.
525 3117 555 3164 et
564 3105 708 3165 editiones
724 3116 839 3164 veteres
852 3104 957 3162 habent
969 3101 1020 3172 fil.
1060 3099 1125 3158 Aut
1133 3095 1189 3174 igr·

99 3195 151 3244 tur
164 3183 350 3244 scribendum
363 3197 428 3243 est:
448 3185 525 3241 Nom
538 3199 565 3242 et
580 3205 670 3257 omne,
685 3188 762 3258 quod
772 3183 937 3253 eloquimur,
950 3179 992 3249 fit,
1004 3181 1075 3236 ulid
1084 3191 1134 3236 aur
1148 3197 1192 3234 ee·

99 3284 132 3320 oe
146 3269 283 3332 ammos,
296 3277 346 3320 am
355 3281 412 3318 oon
427 3283 487 3322 esse
503 3283 514 3322 .·
538 3277 588 3324 out
600 3265 657 3325 alie
670 3261 903 3341 aggrediendum
917 3271 963 3320 est
973 3257 1029 3320 vis.
1070 3257 1151 3332 Quid
1163 3257 1190 3315 si

100 3343 144 3404 sic
160 3347 298 3420 legamus
309 3343 408 3400 illem
419 3353 447 3398 et
462 3363 549 3415 omne,
572 3347 659 3420 quod
673 3344 838 3414 eloquimur,
860 3340 1028 3416 eloquimur
1038 3342 1090 3407 sic,
1101 3349 1134 3396 ut
1156 3340 1189 3394 id

97 3437 151 3482 out
166 3444 228 3482 esse
243 3427 380 3494 dromus,
406 3435 525 3482 autnon
545 3445 614 3484 esse.
656 3419 831 3500 Saepissime
843 3419 958 3492 accidit,
979 3430 1022 3490 ut,
1043 3417 1116 3476 cim
1129 3433 1188 3476 vox

96 3502 193 3584 aliqua
204 3503 381 3582 geminetur,
392 3504 481 3562 altera
489 3507 506 3560 i
515 3503 666 3574 Librsriis,
675 3515 827 3580 tamquam
835 3519 1023 3578 supervacua,
1032 3517 1091 3559 vox
1104 3495 1190 3556 omit-

96 3595 188 3644 tetur.
230 3583 321 3643 Certi
336 3582 415 3642 istud
428 3586 469 3642 sic
482 3595 532 3644 aut
545 3587 670 3644 verbum
680 3585 850 3656 eloquimur,
859 3593 909 3640 aut
917 3579 1024 3656 aliquid
1034 3575 1131 3638 simile
1144 3595 1190 3636 re·

99 3662 198 3740 quirit,
213 3665 290 3740 quod
303 3675 403 3723 tamen
431 3665 585 3742 eleganter
608 3661 788 3740 subintelligi
809 3681 868 3721 non
894 3670 999 3734 potest.
1030 3657 1129 3718 Video
1154 3659 1191 3716 ad

98 3745 229 3802 eundern
240 3745 362 3802 modum
376 3745 413 3802 de
423 3744 480 3804 boo
489 3747 555 3803 loco
567 3741 713 3811 statuisse,
725 3742 886 3818 repetendo
894 3757 1000 3802 vocem
1021 3744 1189 3815 eloquimur,

99 3824 181 3882 Petr.
196 3821 322 3882 rausum
335 3822 365 3882 in
377 3825 448 3884 Noe
459 3826 495 3883 ed
504 3824 639 3884 Academ
647 3820 677 3880 ii.
691 3829 721 3878 4.

140 3907 159 3960 7
166 3899 318 3982 judicent]
327 3904 376 3962 Sc.
391 3915 425 3966 ut
436 3903 587 3985 judicent;
608 3899 815 3980 praepositione
828 3912 861 3956 ur
876 3916 917 3960 ex
933 3897 1077 3975 prioribus
1091 3893 1187 3954 subin·

96 3980 227 4044 tellecti.
668 4027 671 4032 .
899 4001 902 4007 ·

137 4069 154 4118 8
174 4081 232 4119 non
245 4061 356 4140 possint
363 4067 422 4136 isrsi
434 4059 618 4144 dissolutum]
638 4061 720 4121 MSti
733 4061 810 4122 Nor.
824 4058 887 4120 Bal.
897 4071 928 4121 et
941 4058 1026 4118 Nori.
1036 4059 1171 4144 nonulli:

137 4149 155 4198 9
178 4155 208 4198 et
224 4135 324 4216 porris
338 4143 475 4224 decerta]
507 4142 616 4223 Margo
629 4139 767 4202 Lanuini
780 4141 866 4209 habet
880 4159 932 4198 seu
938 4137 1035 4210 moliris
1050 4151 1060 4186 ··
1080 4128 1188 4192 melius

96 4221 169 4281 verb
181 4221 353 4301 virquidam
364 4228 468 4285 doctus
481 4223 563 4302 legit,
576 4235 627 4280 out
636 4222 746 4294 storiis.

144 4309 176 4356 lo
190 4325 248 4378 quae
263 4319 350 4376 negot
369 4302 538 4382 ullomodo]
563 4304 639 4364 Haec
653 4313 700 4363 est
713 4301 801 4366 lectio
825 4300 985 4363 MStorum
1007 4291 1092 4385 5⁰9&
1110 4291 1189 4351 Nor.

99 4381 163 4439 Bel.
177 4381 259 4444 cant.
276 4384 367 4461 Wag.
382 4384 482 4443 Mead.
492 4383 575 4446 Harl.
586 4383 724 4457 duorum,
742 4397 773 4444 et
786 4378 870 4441 Norf.
884 4377 1014 4446 itemque
1024 4372 1188 4432 editionum

98 4460 178 4522 Ven.
193 4475 224 4522 et
234 4463 357 4524 Mediol.
371 4461 487 4541 virgo,
496 4475 591 4538 neget.
