2830 5014
529 307 655 371 mnus
675 307 718 372 121.
737 315 783 368 80.
1064 329 1066 338 ·
1123 307 1229 385 ,⁷18⁹

90 455 299 538 adversario,
314 458 437 529 aut'ex
454 451 577 538 scant
593 485 637 536 ex
650 461 711 541 eis,
728 457 823 556 apud
839 473 927 554 quos
942 449 1067 556 agitur,
1078 462 1222 545 'santen-

92 559 165 630 tias
193 556 273 628 duci
291 553 417 628 licebit.
469 556 525 626 Ex
538 583 598 628 reo
615 561 708 650 (reos
732 557 878 654 appello,
900 581 1049 654 quorum
1064 583 1121 631 res
1136 565 1218 652 est),

95 677 185 750 quae
197 653 401 748 significent
418 651 528 724 virum
556 656 699 736 bonum,
726 677 809 750 quae
831 655 1017 738 liberalem,
1033 681 1117 754 quae
1134 659 1218 730 cala·

14 789 15 794 .
91 753 279 834 1111011111,
299 775 380 846 quae
401 751 634 826 misericordia
650 753 809 849 dignum,
825 777 907 847 quse
932 754 1068 828 valeant
1096 766 1221 830 contm

92 849 221 922 falsam
242 850 525 924 criminationem
538 877 559 936 3'
574 875 618 922 ex
633 850 831 932 abversario,
848 850 967 924 iisdem
983 878 1028 925 ex
1043 854 1129 926 locis
1148 855 1221 928 lere

93 949 290 1020 contraria:
316 973 362 1019 ex
383 973 429 1028 re,
447 947 474 1018 si
487 948 647 1030 crudelis,
675 948 703 1020 11
724 948 878 1030 infanda,
894 948 923 1020 si
940 960 1068 1046 proeter
1091 951 1221 1048 opinio-

91 1061 192 1122 nem,
218 1045 248 1117 si
265 1044 452 1140 immerito,
469 1046 645 1127 1111111111,
662 1046 689 1116 si
706 1046 849 1142 ingrata,
866 1047 894 1118 si
911 1047 1065 1143 indigns,
1083 1049 1111 1120 si
1123 1074 1221 1135 nova,
1286 1053 1289 1060 ’

91 1142 124 1214 si
139 1167 227 1239 qnae
238 1194 243 1214 2
250 1135 388 1214 restitui
405 1143 589 1238 sanarique·
605 1168 679 1216 non
695 1144 824 1239 possit:
849 1167 893 1215 ex
915 1144 957 1216 iis
972 1157 1105 1226 autem,
1128 1149 1221 1244 apud

90 1265 190 1334 quos
200 1257 337 1338 agetur,
348 1249 390 1312 ut
400 1241 585 1336 benevolos
597 1243 760 1336 beneque
773 1240 1010 1315 existimantes
1018 1245 1221 1341 efficiamus3

94 1339 195 1432 quod
211 1338 349 1434 agendo
364 1339 512 1412 efficitur
523 1339 658 1420 melius,
683 1342 791 1435 quim
803 1341 969 1436 rogando.
1018 1345 1086 1415 Est
1102 1345 1140 1416 id
1148 1345 1221 1440 qui-

92 1435 178 1509 dem
191 1437 229 1508 in
246 1447 358 1511 totam
382 1437 577 1510 orationem
599 1436 900 1520 confundendum,
929 1465 997 1512 nec
1020 1441 1163 1514 minime
1179 1443 1220 1518 in

91 1542 312 1618 extremam
337 1536 397 1607 sed
421 1544 543 1610 tamen
559 1536 667 1606 multa
693 1534 866 1632 principia.
885 1561 994 1610 exeo,
1004 1563 1132 1635 genere
1148 1541 1220 1638 gig·

93 1643 245 1706 nuntnr.
281 1635 387 1706 ,Nam
404 1643 441 1718 et
462 1643 652 1715 attentum,
675 1642 821 1706 monent
845 1632 978 1717 Graeci,
1002 1645 1042 1708 ut
1054 1638 1221 1735 principio

14 1777 16 1785 .
92 1730 268 1812 faciamus·
284 1731 439 1826 judicem
452 1741 491 1804 et
513 1732 663 1806 docilem
680 1753 798 1827 ;,quae
819 1743 904 1811 sunt
925 1733 1031 1815 utilia,
1060 1736 1219 1810 sednon

95 1827 261 1924 principii
272 1829 378 1924 magis
388 1831 535 1926 propria,
551 1834 657 1926 qndm
665 1829 874 1925 reliquarum
888 1833 1055 1928 partium:
1072 1833 1220 1912 faciliora

95 1925 200 2010 etiam
215 1927 258 2006 in¹
265 1926 452 2024 principiis,
477 1926 843 2024 quhdetattentitum
856 1930 1111 2014 maximiscum,
1136 1933 1219 2008 clun

99 2023 222 2096 omnia
237 2034 458 2121 exspectant,
484 2036 521 2100 et
538 2025 667 2099 dociles
687 2027 796 2121 magis
814 2027 933 2110 initiis,
964 2053 1041 2102 esse
1057 2043 1220 2130 possunt;

15 2129 16 2194 ζ
95 2120 281 2196 illustriora
293 2122 387 2196 enim
403 2135 499 2207 sunt,
524 2148 608 2222 quac
625 2124 664 2196 in
673 2125 864 2222 principiis,
890 2129 1138 2224 quamquaein
1150 2153 1220 2200 me

98 2218 496 2309 1111111111111111111111,Υ
518 2233 581 2294 aut
597 2223 774 2318 arguendo
789 2233 848 2295 ant
865 2223 1070 2297 refellendo
1119 2225 1219 2298 Max-

14 2333 16 2378 3
99 2313 297 2404 innantem
320 2317 417 2416 copia
437 2320 682 2418 principiorum
698 2321 741 2392 ad
753 2320 907 2416 judicem
923 2329 984 2394 aut
999 2322 1219 2406 alliciendum

96 2416 394 2500 antinoitandum
409 2443 454 2492 ex
470 2419 509 2490 iis
528 2417 615 2494 locis
633 2418 793 2502 trahitur,
818 2420 878 2516 qui
898 2419 1073 2495 admotus
1088 2423 1219 2498 animo

15 2547 16 2568 r
98 2537 178 2600 rum
203 2516 439 2600 conficiendos
455 2517 598 2592 inerunt
614 2516 651 2588 in
668 2540 804 2597 caussa:
829 2543 917 2615 quos
941 2522 1219 2596 tarnen‘totosin

15 2623 16 2682 l
99 2611 272 2708 principio
288 2611 449 2708 explicari
465 2639 538 2686 non
561 2615 743 2710 oportebit,
766 2617 830 2687 sed
848 2628 985 2692 tantum
1000 2619 1132 2714 impelli
1152 2621 1219 2716 pri-

15 2723 16 2762 ῑ
99 2707 163 2795 Ι11ὸ
181 2708 332 2804 judicem
359 2711 491 2793 leviter,
519 2721 560 2784 ut
582 2713 652 2810 jam
677 2713 845 2793 inclinato
870 2714 1005 2810 reliqua
1033 2715 1214 2791 incumbat

15 2817 16 2888 t
102 2808 220 2894 oratio.
808 2855 811 2862 ·
996 2901 1000 2909 ἡ
1229 2821 1280 2838 ””’“’
1343 2823 1359 2834 γ’

15 2997 16 3002 ¹
149 2907 295 2994 LXXX,
321 2909 534 2986 Conncxum
563 2921 682 2986 autam
712 2913 760 2986 ita
787 2915 833 2988 sit
860 2911 1066 3012 principium
1094 2931 1215 2986 conse·

15 3003 16 3010 1
101 3006 224 3099 quenti
246 3009 406 3091 orationi,
433 3018 575 3094 utnon,
601 3021 779 3110 tamquam
795 3013 975 3088 citharoedi
996 3009 1214 3108 proemium,

103 3102 256 3176 affictum
270 3105 420 3203 aliquod,
446 3109 507 3185 sed
532 3109 715 3184 cohaerens
731 3136 811 3185 cum
835 3111 930 3184 omni
954 3123 1094 3205 corpore
1110 3117 1218 3184 monn

101 3200 204 3283 hrum
227 3205 300 3274 'esse
325 3205 499 3280 videatur:
524 3200 614 3282 nam‘
631 3207 806 3290 nonnulli,
836 3208 918 3281 clun
945 3206 1032 3279 illud
1055 3207 1215 3284 meditati

101 3297 300 3382 ediderunt,
324 3302 372 3374 sic
395 3305 438 3374 ad
453 3305 585 3403 reliqua
608 3315 808 3390 transeunt,
828 3316 871 3380 ut
886 3306 903 3354 ⁶
918 3305 1129 3380 audientiam
1148 3309 1214 3382 sibi

102 3395 178 3468 fieri
196 3399 290 3484 nolle
305 3399 489 3476 videantur.
507 3418 510 3426 '
540 3405 661 3500 Atque
677 3405 846 3502 ejusmodi
862 3405 920 3478 illa
941 3403 1095 3502 prolusio
1109 3406 1215 3480 debet

102 3517 188 3576 esse,
212 3523 286 3580 non
299 3507 339 3570 ut
355 3499 586 3584 Samnitium,
597 3504 656 3598 qui
672 3506 809 3578 vibrant
829 3506 941 3578 hastas
952 3511 1034 3576 ants
1048 3524 1213 3600 pugnam,

102 3594 226 3690 quibus
238 3596 276 3680 in
292 3593 484 3694 pugnando
499 3601 587 3672 nihil
600 3610 771 3688 utuntur3
796 3603 857 3676 sed
870 3615 912 3676 ut
923 3602 1003 3697 ipsis
1019 3603 1213 3691 sententiis,

103 3692 229 3788 quibus
250 3696 484 3790 promserunt,
509 3698 565 3770 vel
586 3715 752 3796 pugnare·
767 3700 909 3798 possint.
961 3699 1109 3774 Narrare
1130 3705 1211 3778 verh

105 3806 179 3872 rem
188 3787 284 3886 quhd
303 3795 447 3866 breviter
460 3795 596 3891 jubent,
620 3797 648 3866 si
658 3797 801 3870 brevitas
822 3796 1026 3896 appellanda
1041 3809 1107 3884 est,
1132 3803 1212 3876 cum

100 3888 250 3976 uerbum
271 3892 406 3966 nullum
431 3893 588 3966 redunde
611 3894 720 3966 brevis
742 3906 795 3988 est
821 3897 863 3966 L.
888 3894 1003 3970 Crassi
1019 3899 1146 3988 oratiog
1182 3897 1210 3968 si

142 4019 162 4068 ὁ
175 4017 347 4072 audientiam
361 4019 491 4090 sihifieri
510 4016 597 4098 nolle]
618 4021 701 4079 Istud
716 4024 789 4079 nolle
801 4025 881 4080 extat
892 4021 922 4081 in
936 4033 954 4082 4
970 4021 1090 4081 Gruteri
1104 4020 1211 4094 MStis,

102 4092 135 4150 11
155 4093 256 4152 Mead.
277 4095 498 4156 111τὶ111112.
522 4111 552 4157 et
563 4098 593 4156 in
611 4096 743 4175 margine
765 4101 840 4160 Nor.
864 4115 895 4162 et
907 4103 984 4162 recte
1002 4100 1139 4176 quidem:
1161 4105 1211 4163 ubi

102 4169 181 4230 enim
191 4172 374 4251 Principium
384 4197 441 4236 non
455 4183 541 4235 hahet
554 4179 668 4236 aditum
677 4182 716 4234 cd
724 4185 852 4238 caussam
866 4183 912 4259 (ut
925 4179 1051 4255 loquitur
1062 4179 1212 4243 Nostcrin

103 4252 283 4325 precedenti
305 4257 426 4334 capite),
443 4271 547 4328 orator,
570 4258 620 4335 qui
645 4257 793 4337 ejusmodi
806 4260 955 4333 Principio
973 4256 1074 4324 utitur,
1092 4259 1210 4336 proprie

101 4329 408 4394 ‚videtursudierniam
424 4335 478 4394 sibi
500 4337 564 4396 fieri
577 4341 670 4407 nollc;
688 4339 710 4396 i.
719 4359 745 4398 e.
763 4343 840 4400 nolle
859 4340 984 4404 efficere,
993 4347 1026 4394 ut
1040 4335 1212 4418 &judicibus

101 4409 239 4468 audiatur.
281 4415 332 4472 Sic
353 4416 389 4474 de
404 4415 518 4474 Senect
535 4438 560 4475 e.
576 4425 603 4475 ⁹.
642 4421 728 4477 Facit
743 4421 873 4490 fiersaefie
886 4419 950 4485 isica
973 4419 1026 4476 cibi
1039 4423 1210 4484 audientiam

100 4493 203 4550 diserti
216 4500 292 4553 senis
307 4507 396 4552 comta
410 4509 438 4554 et
452 4491 525 4554 mitis
535 4503 635 4560 orario.
675 4501 776 4576 Vulgo
789 4498 896 4576 legitur
908 4498 991 4555 velle.
