2854 5016
247 405 283 456 20
636 399 694 462 DE
713 396 919 464 ORATORE

244 545 465 625 concesserit
488 542 586 640 qubd
614 545 652 618 in
666 571 707 622 ea
728 542 844 622 solbm
866 543 914 622 illi
940 541 1110 617 voluerint
1126 542 1309 626 elaborare,

245 643 486 718 tractationem
502 643 676 724 orationis,
702 663 785 739 quoe
810 641 887 714 sine
902 641 957 715 illa
969 640 1222 719 terentianum
1242 651 1312 726 est,

245 740 308 818 sibi
331 749 492 818 assumet.
543 742 622 816 Hoc
647 741 742 816 enim
767 748 822 812 est
845 738 1187 836 proprinmoratorie,
1212 739 1313 838 quod

245 861 340 934 saepe
351 839 421 936 jam
434 839 517 920 dixi,
541 839 650 914 oratio
660 833 816 935 graviset
829 845 960 917 ornata
985 843 1022 910 et
1034 834 1218 914 hominum
1232 861 1312 915 sen·

246 937 339 1010 sibus
354 963 395 1010 ao
404 936 578 1012 mentibus
593 936 860 1012 accommodata.

294 1035 400 1110 Xlll.
425 1033 567 1117 Quibus
594 1035 762 1108 derebus
784 1032 1009 1110 Aristotelem
1031 1040 1069 1104 et
1092 1031 1313 1130 Theophras·

245 1140 322 1206 tum
343 1131 521 1230 scripsisse
535 1133 656 1208 fateor.
706 1132 776 1208 Sed
794 1132 885 1214 vide,
910 1157 956 1208 ne
969 1132 1046 1211 hoc,
1076 1130 1243 1213 Soaevola,
1261 1142 1312 1206 to·
1347 1163 1350 1168 ·

244 1237 320 1302 tum
343 1230 389 1304 sit
416 1227 438 1306 at
463 1255 531 1309 me.
582 1231 678 1306 Nam
696 1255 774 1328 ego,
798 1253 883 1328 quoe
907 1240 994 1308 sunt
1015 1230 1140 1303 oratori
1154 1230 1313 1308 cumillis

244 1328 456 1408 eommunia,
472 1353 545 1403 non
560 1339 699 1410 mutuor
713 1331 758 1402 ab
782 1329 873 1413 illis;
897 1328 1065 1426 istique
1082 1327 1126 1403 de
1138 1327 1191 1402 his
1209 1329 1314 1404 rebus

244 1424 434 1523 disputent,
456 1435 631 1504 oratormn
659 1451 736 1502 esse
751 1427 965 1502 concedunt.
1017 1425 1143 1524 Itaque
1158 1434 1311 1502 caeteros

243 1523 347 1604 libros
369 1525 451 1600 artis
468 1525 523 1600 isti
541 1526 797 1608 euae‘nomine,
813 1526 878 1600 bos
902 1524 1108 1602 Rhetoricos
1133 1535 1171 1600 et
1194 1523 1315 1598 inseri-

242 1619 331 1695 bnnt
346 1635 384 1698 et
399 1625 586 1721 appellant.
636 1625 791 1708 Etenim,
807 1625 889 1700 cbm
901 1624 949 1698 illi
961 1623 1167 1700 indicendo
1182 1620 1315 1698 incide·

242 1719 316 1793 rint
328 1721 395 1794 loci
410 1723 519 1818 (quod
532 1747 690 1822 persaepe
702 1725 849 1816 evenit),
866 1733 907 1797 ut
919 1724 963 1798 de
974 1723 1039 1796 diis
1055 1720 1315 1802 immortalibus,-

242 1816 287 1891 de
297 1818 433 1984 lim
441 1821 485 1894 de
497 1823 694 1903 eoncordia,
700 1823 744 1896 de
754 1822 915 1902 amicitia,
925 1821 970 1897 de
980 1821 1161 1900 communi
1176 1819 1314 1898 civium,

242 1914 288 1986 de
330 1918 497 1991 ominum,
518 1921 732 2008 degentium
745 1921 835 2005 jure,
860 1921 906 1994 de
920 1920 1101 2010 aequitate‚
1127 1917 1316 2013 detempe·

241 2009 362 2087 rantie,
387 2009 431 2080 de
447 2008 687 2101 magnitudine
711 2007 828 2086 animi,
854 2006 898 2077 de
911 2007 1008 2082 omni
1033 2012 1169 2080 virtutis
1186 2035 1320 2101 genere

242 2107 286 2181 sit
303 2104 503 2184 dicendum,
528 2105 738 2183 clanabant,
754 2101 870 2184 eredo,
886 2102 1003 2178 omniu
1018 2102 1315 2202 gymnasiumque

242 2227 366 2280 omnes
381 2201 668 2300 philosophorum
679 2199 821 2281 schole,
845 2225 909 2274 sna
920 2199 1001 2275 lraee
1018 2225 1095 2276 esse
1110 2202 1228 2278 omnis
1240 2227 1318 2299 pro

242 2303 325 2401 pria,
352 2301 440 2376 nihil
456 2301 600 2376 omnino
615 2299 659 2372 cd
684 2309 854 2375 oratorem
869 2299 1062 2397 perurere:
1086 2300 1213 2397 quibus
1236 2327 1316 2398 ego,

242 2413 284 2476 ut
308 2401 351 2474 de
380 2400 434 2472 his
456 2401 557 2472 rebus
582 2397 745 2476 omnibus
771 2398 809 2470 in
833 2398 969 2496 angulis
996 2399 1227 2476 consumendi
1251 2401 1317 2478 otii·

175 2567 178 2573 ,
243 2521 364 2572 caussa
380 2496 560 2575 disserant,
590 2497 672 2570 cum
687 2520 905 2578 conoessero,
930 2497 1015 2572 illud
1042 2507 1160 2575 tamen
1186 2499 1314 2574 oratori

243 2595 391 2677 tribuam
418 2603 456 2666 et
471 2594 597 2675 ⁷dabo,
621 2603 661 2668 ut
676 2595 804 2678 eadem
830 2596 874 2669 de
897 2597 1023 2694 quibus
1045 2595 1093 2672 illi
1112 2597 1213 2670 tenui
1228 2621 1314 2694 quo·
1420 2618 1424 2671 l

243 2692 322 2768 dam
333 2693 555 2791 exanguique
567 2717 726 2768 sermone
740 2693 933 2792 disputant,
959 2695 1018 2772 bie
1030 2721 1112 2772 cum
1128 2697 1223 2772 omni
1241 2719 1316 2792 gra-

242 2793 348 2872 vitate
364 2802 400 2864 et
413 2792 633 2889 jucunditate
649 2792 809 2890 explicet.
861 2794 956 2868 Haeo
967 2819 1034 2890 ego
1048 2817 1129 2870 cum
1145 2795 1229 2889 ipsis
1240 2793 1314 2890 phi:
1423 2801 1424 2828 ³

243 2890 397 2987 losopbis
421 2901 498 2964 tum
523 2890 676 2964 Athenis
700 2891 925 2966 disserebam:
962 2893 1108 2988 cogebat
1142 2893 1237 2968 onim
1258 2916 1314 2966 me
1421 2931 1424 2990 .'

244 2989 388 3062 Marcus
404 2989 591 3062 Marcellus
615 2988 673 3063 hic
689 2997 821 3069 noster,
845 2990 905 3087 qui
923 3014 1024 3062 nunc
1046 2988 1161 3062 aedilis
1183 2989 1315 3064 eureus
1423 2993 1424 2996 ’

244 3097 309 3168 est,
333 3098 372 3161 et
386 3085 552 3184 prolectb,
580 3087 648 3162 nisi
665 3087 765 3160 ludos
789 3113 888 3162 nuno
910 3087 1052 3169 faceret,
1077 3087 1159 3162 huic
1187 3099 1316 3162 nostro

184 3193 188 3201 '
244 3187 394 3258 sermoni
412 3186 625 3273 interesset;
648 3183 765 3282 sejam
779 3194 854 3261 tum
875 3195 946 3258 erat
957 3186 1242 3260 adolescentulus
1258 3183 1316 3260 his

244 3281 367 3358 studiis
380 3282 526 3353 mirifice
544 3285 692 3359 deditus.
740 3285 817 3356 Jem
832 3282 916 3358 verb
929 3286 973 3358 de
985 3286 1118 3380 legibus
1130 3283 1315 3358 instituen-

245 3379 309 3460 dis,
321 3378 365 3452 de
381 3377 483 3460 bello,
507 3378 552 3450 de
564 3405 658 3478 pace,
683 3383 727 3454 de
745 3381 856 3462 sociis,
875 3383 918 3454 de
935 3382 1169 3480 vectigalibus,
1181 3379 1224 3454 de
1236 3381 1317 3474 juro

244 3478 371 3552 civium
382 3477 572 3573 generatim
582 3478 620 3550 in
634 3479 774 3551 ordines
790 3478 1011 3577 ⁸aetatesque
1027 3477 1216 3573 descripto,
1238 3477 1315 3550 ⁹di·

284 3677 303 3728 7
317 3677 396 3744 daho,
409 3685 441 3731 ut
454 3671 568 3740 eadem,
583 3677 617 3730 de
631 3673 834 3750 qraibuaJMSti
847 3673 927 3733 Joan.
943 3673 1016 3743 Eud,
1031 3681 1062 3730 et
1076 3671 1160 3730 Harl.
1178 3677 1202 3727 t.
1226 3669 1315 3732 item·
1420 3669 1421 3675 '

244 3771 302 3834 que
313 3751 476 3810 Lambinus
489 3753 583 3820 habet,
598 3765 630 3808 ur
643 3771 687 3818 ea,
701 3758 735 3812 de
750 3758 871 3828 quisue:
893 3755 945 3810 sed
959 3755 1078 3829 uulgata
1091 3750 1181 3810 lectio
1190 3751 1310 3812 defendi

244 3843 342 3910 potest
354 3849 392 3890 ex
408 3830 455 3888 lib.
475 3837 497 3887 1.
511 3833 548 3890 de
563 3832 666 3898 Fimc.
686 3841 728 3890 ld.
1221 3881 1225 3884 .

285 3920 302 3969 8
318 3925 465 3984 storeaque
474 3912 634 3989 descripto,
652 3913 753 3972 Lamb.
777 3912 853 3989 legit
871 3917 1084 3984 descriptorum,
1097 3911 1118 3969 i.
1133 3931 1159 3970 c.
1179 3911 1312 3982 ciuium
1418 3926 1420 3935 ·

244 4011 301 4054 non
315 3991 464 4066 enimjur,
475 3993 527 4052 sed
538 3992 654 4051 sinesin
665 3992 782 4052 ordines
795 4004 955 4071 aetatesque
964 3991 1192 4052 describebatur.

254 4105 262 4118 ι
284 4081 302 4130 9
316 4075 411 4130 duent
430 4067 546 4151 Graes]
556 4072 685 4149 Vulgata
697 4073 785 4134 lectio
794 4076 891 4131 dicam
903 4078 951 4130 val
961 4075 1051 4132 Graeri
1061 4071 1165 4133 vitiosa
1175 4071 1312 4142 videtur-3

245 4154 294 4214 cui
305 4149 481 4212 medicinam
497 4151 539 4210 sic
559 4153 643 4211 affert
656 4153 827 4222 Lambinus,
859 4157 907 4210 Vel
931 4155 1022 4211 Greci
1045 4155 1313 4222 strenationem,

245 4235 412 4306 Lycurgum
433 4246 482 4290 eut
496 4233 745 4292 Sounem--aez
755 4231 846 4292 uestri
859 4237 1052 4293 Decemviros.
1073 4247 1129 4294 etc.
1170 4230 1242 4299 Alii,
1258 4233 1313 4287 De·-

246 4311 506 4380 canevettsraecos,
519 4315 777 4371 evasum-..ver
787 4326 899 4372 nostres
909 4317 1100 4379 Decemviros,
1114 4323 1172 4370 etc.
1194 4311 1253 4368 Sed
1262 4327 1314 4385 po·

245 4390 302 4450 tior
314 4390 430 4453 viderur
443 4392 539 4466 leudo,
553 4409 620 4469 quae
631 4392 662 4455 in
676 4395 798 4467 drama,
813 4392 910 4456 MStis
927 4395 1011 4458 Harl.
1025 4389 1251 4464 occurrissem
1264 4390 1318 4448 vel
