2830 5014
507 381 512 430 :
539 332 805 426 talentinus.
1154 329 1216 444 das
1252 355 1255 362 ·

83 507 129 582 lis
140 517 180 580 et
197 509 330 602 quanta
342 493 399 582 sit,
425 498 575 598 intelligi
590 526 662 596 non
673 513 803 600 potest.
836 499 916 578 *Me
928 512 1055 585 autem,
1072 503 1215 588 Catule,

87 607 205 680 fateor
223 625 337 700 neque
353 597 456 671 hodie
474 598 512 672 in
528 599 599 672 istis
609 600 712 682 libris,
725 614 760 674 et
774 627 855 676 cum
866 603 942 676 istis
951 601 1147 674 hominibus
1165 599 1208 675 vi·

86 727 192 788 vere;
211 727 282 786 ‚neo
298 695 391 777 verb,
403 696 440 768 id
456 697 552 794 quod
562 705 602 769 tu
613 695 1002 782 recticomrneministi,
1013 699 1124 774 ullum
1136 723 1210 774 um·

51 869 53 872 .
86 793 197 896 quani
216 793 370 871 habuisse
387 819 425 865 se
442 795 596 892 positum
614 807 751 894 tempus
766 797 810 869 ad
833 797 1060 882 discendum3
1083 793 1209 872 acten-

86 911 168 972 tum
190 897 346 970 tribuisse
368 893 539 968 doctrinae
566 893 741 991 temporis,
758 897 939 992 ‘quantum
962 893 1047 970 milri
1069 895 1208 994 puerilis
1253 892 1256 898 ’

86 1007 186 1076 aeus,
210 996 371 1068 forenses
392 989 489 1064 ferite
503 993 754 1065 concesserint.
971 1054 974 1060 ,
1200 1059 1202 1064 ,
1241 949 1340 1090 ‘pl‘

138 1093 277 1165 XXIII.
302 1088 352 1161 At
365 1088 393 1161 si
404 1088 545 1186 quoeris,
570 1089 709 1170 Catule,
734 1085 949 1165 deductrina
965 1093 1029 1166 ista
1042 1087 1125 1204 quid
1142 1115 1208 1190 ego

82 1189 261 1276 sentium3
279 1213 352 1260 non
369 1196 505 1260 tautum
526 1187 713 1283 ingenioso
735 1179 929 1270 hominist
946 1189 987 1272 ei,
1005 1215 1065 1287 qut
1080 1191 1208 1272 forum,

82 1289 149 1384 qui
167 1288 312 1368 curiam,
329 1286 390 1382 qui
419 1308 565 1366 caussas,
590 1285 651 1381 qui
676 1277 934 1382 Rempublieam
958 1296 1101 1386 spectet,
1120 1311 1207 1385 opus

81 1410 166 1461 esse
177 1385 321 1459 arbitror
337 1384 514 1480 temporis,
527 1391 702 1478 quantum
713 1378 773 1456 sibi
785 1376 806 1454 ii
818 1394 1028 1465 sumserunt,
1037 1410 1127 1482 quos
1139 1385 1207 1458 dis·

82 1494 206 1558 centes
220 1482 288 1556 vita
301 1479 431 1554 defecit
442 1503 580 1554 :omncs
591 1472 683 1553 euim
696 1489 785 1552 artes
796 1473 890 1552 aliter
902 1477 994 1555 abiis
1005 1493 1206 1564 tractantur,

82 1583 146 1678 qui
176 1607 233 1656 eas
264 1581 307 1652 ad
330 1599 433 1652 usum
459 1573 702 1662 transferunt3
726 1577 827 1651 aliter
843 1579 885 1650 ab
899 1577 950 1662 iis,
965 1579 1038 1678 qui,
1055 1581 1206 1680 ipsarum

80 1681 208 1754 artium
236 1686 388 1753 tractatu
413 1675 589 1758 delectati,
621 1673 706 1748 nihil
734 1675 770 1748 in
789 1669 854 1748 vita
878 1688 961 1751 sunt
977 1677 1073 1750 aliud
1086 1674 1206 1754 acturi.

78 1776 256 1874 Magister
279 1775 365 1849 hic⁴
380 1775 586 1846 Samnitium
610 1797 747 1848 summa
765 1773 837 1870 jam
856 1785 1046 1850 senectute
1070 1789 1140 1858 est,
1168 1787 1206 1852 et
1269 1829 1271 1834 -

79 1875 531 1972 quotidiecommentatur3
555 1870 641 1944 nihil
654 1871 978 1946 enimcurataliud:
1003 1885 1037 1946 at
1052 1873 1102 1957 Q.
1128 1873 1205 1948 Ve'

79 1973 195 2046 locius
219 1995 309 2072 puer
323 1969 553 2059 addidicerat3
578 1971 684 2051 ⁵sed,
708 1967 806 2066 qubd
832 1982 907 2044 erat
921 1980 1022 2068 aptus
1045 1971 1089 2046 ad
1104 1972 1218 2078 illud,

78 2078 271 2168 totumque
284 2079 463 2168 cognorat,
505 2069 583 2150 fuit,
609 2082 653 2145 ut
663 2077 721 2142 est
732 2067 823 2168 apud
837 2068 1026 2154 Lucilium,

365 2183 502 2256 Quamuis
511 2187 602 2240 bonus
610 2186 682 2252 ipae,

161 2261 178 2310 ⁶
200 2262 312 2318 &mnia
323 2266 354 2318 in
367 2266 433 2319 ludo
446 2281 480 2318 ac
492 2264 612 2319 rudibus
626 2265 644 2318 l
656 2264 750 2320 cuiuis
758 2264 830 2328 eatis
848 2267 956 2334 asperi

78 2349 141 2424 sed
157 2347 238 2447 plus
252 2373 368 2448 operae
380 2349 459 2440 ¹foro
477 2349 657 2436 tribuebat,
671 2351 800 2447 amicis,
816 2352 865 2424 rei
878 2341 1043 2424 familiari.
1091 2331 1199 2426 vale:
1283 2325 1286 2333 .

118 2487 354 2566 enumeratam]
369 2488 682 2564 Samnitibusderictis
696 2509 741 2550 an.
756 2490 786 2548 U
810 2491 845 2550 C.
859 2496 925 2548 308.
960 2493 1092 2564 Romani,
1104 2496 1144 2552 ad
1155 2497 1205 2549 lie·

77 2577 192 2636 norem,
203 2563 301 2625 Derim
313 2570 474 2640 insignibus
485 2575 574 2627 aroris
587 2576 709 2630 hortium
726 2577 772 2629 usi
784 2584 872 2628 sunt:
897 2571 1035 2641 Catapani
1046 2577 1081 2630 ab
1100 2583 1205 2644 super·

77 2642 126 2702 bia
141 2657 170 2704 ct
185 2647 247 2701 odio
274 2647 452 2717 Samnitium,
469 2649 643 2720 gladiatores
668 2655 764 2730 (quod
784 2655 978 2720 spectaculum
1000 2656 1077 2706 inter
1100 2657 1202 2719 epulae

75 2725 166 2798 erat)
182 2744 214 2780 eo
230 2743 335 2782 ornatu
345 2734 507 2796 armarunt,
523 2731 748 2801 Sananitiumque
759 2733 871 2785 nomine
882 2730 1094 2796 compellarunt.
1135 2726 1202 2785 Liv.

75 2803 160 2862 trist.
174 2803 215 2862 ix.
231 2813 277 2876 40.
299 2804 349 2864 Sic
358 2806 392 2864 in-
403 2807 592 2884 sequentibus
608 2809 740 2870 Lucilius
753 2807 837 2881 dixit,
853 2809 964 2865 &mnis
984 2808 1015 2862 in
1028 2811 1095 2864 lado
1105 2825 1138 2863 ac
1152 2825 1202 2864 ru·

75 2885 175 2954 dilus,
188 2896 245 2944 etc.
268 2886 346 2945 Vide
356 2885 448 2945 etiarn
462 2885 492 2945 ii.
508 2894 555 2946 80.

116 2967 207 3034 seed,
221 2964 295 3036 quid
307 2981 372 3022 erar
384 2965 503 3048 uptun]
515 2967 678 3030 Lambinus
689 2972 768 3031 delet
777 2969 856 3030 istud
865 2971 916 3028 red
926 2991 939 3035 ,·
958 2985 1012 3044 pro
1021 2985 1080 3045 quo
1089 2960 1199 3026 rectius
1306 3017 1311 3025 ,

74 3040 201 3102 fortasse
213 3046 308 3120 legas,
324 3051 442 3117 ecquod
456 3064 532 3118 erar,
545 3062 601 3108 etc.
665 3093 668 3108 .

117 3121 303 3178 adomniein
316 3125 382 3183 tudo
393 3141 427 3184 ac
446 3126 593 3208 ruditas]
613 3131 648 3190 In
661 3128 740 3190 ludis
763 3117 940 3206 gladiitoriis
951 3139 1069 3204 tyrones
1088 3140 1200 3202 pugnae

73 3202 146 3259 bant
158 3204 292 3270 rudibus,
317 3201 386 3262 cum
403 3219 632 3268 exercerentur:
668 3215 755 3267 ruder
768 3207 840 3268 verb
854 3220 937 3268 eraut
956 3209 1048 3279 gladii
1059 3209 1152 3279 lignei,
1164 3217 1200 3267 ut

74 3277 119 3337 ait
136 3282 221 3338 Dio:
255 3283 333 3358 quod
345 3283 497 3346 confirmat
510 3286 578 3345 sani
592 3288 675 3358 illud,
692 3292 792 3361 ferro,
815 3305 872 3343 non
887 3289 1012 3344 rudibus
1025 3288 1199 3344 dimicantes.

73 3358 271 3436 Lampridius
297 3360 347 3432 ait,
375 3363 555 3424 Commodum
584 3369 795 3438 Imperatorem
813 3370 845 3424 in
864 3386 957 3427 arena
979 3369 1099 3423 rudibus
1121 3369 1200 3420 inter

74 3440 258 3498 cubiculares
270 3444 445 3514 gladiatores
477 3455 648 3520 epagnasae.
784 3502 787 3508 .

116 3523 137 3576 l
156 3524 430 3592 cmuusatisaaper
442 3450 477 3604 'si
512 3526 633 3603 Legunt
646 3531 720 3587 ciuis
731 3521 866 3603 plerique
882 3527 928 3606 (ut
940 3523 1032 3602 aiunt)
1042 3525 1103 3582 Pal·
1118 3517 1203 3583 MSti

73 3596 161 3658 etsie
173 3599 301 3680 conjecit
312 3599 432 3679 Lipsius
445 3603 546 3682 Antiq.
568 3608 639 3666 lect.
653 3627 680 3665 v.
700 3613 726 3669 2.
742 3607 802 3666 Sed
822 3605 838 3662 ὲ
855 3602 1004 3665 contrario
1019 3601 1100 3662 MSri
1114 3603 1198 3664 Cant.

73 3676 163 3742 Nori
176 3681 273 3758 wag.
305 3681 407 3743 Mead.
432 3694 463 3744 et
481 3701 587 3744 omues
608 3686 808 3752 oxonienses,
827 3702 941 3744 necnon
960 3680 1050 3742 editio
1072 3683 1198 3746 Mediol.

75 3755 249 3828 Turnebus,
263 3761 333 3818 Asc.
362 3760 465 3820 Lamb.
486 3765 570 3822 Man.
596 3777 627 3822 et
646 3765 837 3822 Melancthou
861 3763 968 3820 habent
981 3765 1099 3824 cuivis.-
1120 3765 1199 3842 qarod

72 3835 151 3893 huic
164 3836 230 3893 loco
241 3836 370 3896 maximi
394 3841 537 3902 convenit·
591 3842 693 3900 Primo
718 3843 799 3900 enirn
825 3841 895 3900 dicit
909 3843 1035 3902 Crassus
1052 3844 1119 3903 ideo
1131 3846 1197 3898 lraec
1298 3913 1301 3918 .

71 3910 230 3972 Lucilium
243 3915 361 3986 dixisse,
380 3922 530 3996 quoderat
547 3920 691 3980 Velocius
704 3936 789 3997 aptus
801 3921 839 3978 od
857 3939 968 3982 munus
982 3919 1197 3999 gladiatorium.

71 3997 123 4052 An
137 3991 234 4069 igitur
245 3998 319 4053 duis
334 4010 398 4054 erat
410 4009 500 4069 asper
512 4000 545 4078 (i.
558 4020 584 4058 c.
599 4013 632 4060 ut
642 4000 732 4061 voluit
744 3998 876 4074 Lipsius,
885 3999 1021 4080 diligens,
1035 4015 1153 4077 gnaqu
1164 4007 1196 4056 et

71 4071 247 4149 experiens)
259 4073 340 4151 quid
353 4091 415 4137 erat
429 4081 523 4146 bonus
546 4077 708 4156 gladiatori
739 4095 796 4136 oon
819 4098 928 4140 censeo
956 4081 1130 4139 Ciceronem
1154 4073 1196 4134 iu

72 4151 240 4226 scripsisse.
282 4154 430 4223 Secundo,
445 4157 471 4215 si
485 4156 534 4216 hic
549 4162 685 4237 legamus
697 4161 770 4214 civia
785 4165 858 4220 satie
870 4170 968 4229 asper,
980 4155 1050 4231 quill
1062 4169 1137 4226 ⁰9⁰⁸
1148 4163 1197 4214 ⁶st

70 4226 132 4288 illis
145 4231 251 4300 verbis,
265 4251 332 4308 quae
343 4237 527 4314 sequuntur?
546 4243 598 4294 secl
605 4242 673 4307 plue
688 4243 852 4308 operaejoro
866 4239 1017 4302 tribuebat,
1026 4233 1136 4302 amicis,
1150 4235 1197 4291 rei
1296 4292 1299 4297 ,

60 4308 219 4378 familiari,
242 4329 312 4388 quae
340 4317 411 4374 satis
435 4314 600 4390 significant
622 4335 694 4375 eum
708 4318 818 4376 bonum
845 4316 940 4375 civem
968 4311 1068 4370 luisse.
1108 4313 1221 4390 Lego

70 4386 165 4462 igitur
178 4395 268 4446 cavie
287 4405 323 4452 ut
335 4410 441 4452 sensus
450 4391 497 4462 sit,
509 4394 653 4454 Velocius
665 4409 750 4470 aptus
764 4409 826 4455 erat
835 4396 870 4454 ad
884 4405 977 4451 artem
992 4389 1195 4467 gladiatoriam
1297 4421 1298 4424 ¹

66 4483 165 4610 §ram
180 4483 253 4540 puer
266 4429 426 4535 didicerat:
455 4471 485 4531 in
497 4476 560 4544 hae,
574 4473 645 4532 licet
658 4492 714 4532 non
729 4475 794 4550 ipse
807 4470 953 4549 gladiator,
963 4471 1014 4530 vix
1027 4470 1082 4530 ulli
1096 4473 1193 4533 cessit.

102 4547 254 4612 onnullam
266 4547 338 4614 huic
350 4567 474 4632 spemn
486 4553 523 4616 de
538 4553 590 4626 dit,
599 4555 656 4691 lid
668 4551 847 4628 ptusofficits
860 4547 927 4608 boni
941 4549 1013 4614 dvis
1026 4550 1192 4629 turgentis.
