2830 5014
510 351 513 357 ·
537 319 665 389 usae
683 323 724 390 11.
744 327 791 386 Μ.
1171 269 1227 392 ru

102 477 271 564 bonores,
288 467 305 524 ⁸
320 469 465 549 decreta
475 467 619 547 ¹virtutis
632 471 785 570 proemia,
799 493 855 546 res
876 478 989 570 gestae
1000 473 1143 573 judiciis
1168 475 1226 552 ho

103 575 248 656 minum
269 570 505 666 comprobatae
517 597 529 658 3
552 569 732 666 inquibus
756 570 871 652 etiam,
893 569 1095 648 felicitatem
1118 574 1227 671 ipsam

104 674 258 754 'deorum
273 667 513 756 inmortalium
523 667 658 765 judicio
679 669 795 752 tribui,
824 669 1031 748 laudationis
1053 683 1116 752 est.
1164 675 1227 756 Su·

105 770 252 852 rnendae
268 777 381 846 autem
396 790 453 847 ras
470 775 578 843 eruut
593 775 653 848 aut
668 767 910 864 magnitudine
925 771 1151 866 praestabiles,
1166 779 1228 851 aut

105 869 262 948 nouato
276 866 410 964 prime,
426 875 485 941 aut
501 887 632 962 genera
650 864 726 962 ipso
742 865 954 962 singulares:
991 895 1106 968 neque
1130 871 1227 948 enim

104 990 232 1066 parvae,
249 991 368 1061 neque
390 963 542 1046 usitato,
571 989 688 1062 nequo
715 966 883 1063 vulgares,
911 967 1137 1046 admiratione
1167 981 1229 1048 aut

103 1064 369 1146 omninolaude
385 1061 759 1159 dgnaevidarisolena
809 1064 876 1138 Est
898 1065 1102 1152 etiamnum
1127 1078 1228 1146 caete

7 1201 9 1224 ι
100 1165 150 1246 ris
169 1160 421 1261 praestantibus
436 1161 515 1237 viris
540 1161 755 1260 comparatio
771 1160 808 1237 iu
831 1161 1025 1244 laudatione
1053 1169 1228 1266 praeclara

7 1315 8 1324 κ
101 1264 163 1342 Da
181 1285 255 1358 quo
270 1285 401 1358 genere
416 1261 550 1340 libitum
561 1270 618 1340 est
629 1259 717 1336 mihi
739 1259 841 1357 paulo
859 1261 968 1358 plura,
986 1267 1097 1360 quam
1112 1275 1229 1343 osten-

7 1403 8 1426 ,
102 1360 236 1444 (leram,
250 1359 376 1444 dicere,
392 1385 466 1434 non
476 1367 546 1436 tarn
562 1367 705 1456 propter
720 1383 825 1434 usum
852 1359 1039 1446 forensem,
1054 1365 1115 1461 qui
1137 1369 1228 1444 esti

7 1498 11 1541 t
103 1484 163 1556 ms
178 1460 216 1540 in
232 1459 328 1541 omni
344 1457 412 1537 boo
429 1481 591 1537 sermone
603 1465 783 1538 tractatus,
799 1461 961 1554 quamut
980 1459 1047 1536 hoc
1056 1463 1228 1546 videretis,

8 1612 13 1622 .
102 1559 134 1636 si
150 1558 370 1640 laudationes
385 1566 509 1636 esseut
521 1555 560 1632 in
576 1555 722 1634 oratoris
737 1557 861 1640 officio,
876 1559 971 1654 qnod
988 1585 1095 1638 nemo
1111 1571 1228 1659 negat,

11 1725 15 1738 .
101 1657 227 1738 oratam
244 1656 414 1736 uirtutum
440 1656 598 1733 omnium
623 1653 875 1753 cognitionem,
892 1656 971 1734 sine
990 1684 1060 1756 qua
1079 1659 1229 1738 laudatio

7 1803 10 1822 i
101 1755 195 1838 offici
210 1781 286 1836 non
301 1755 511 1852 possiaesas
525 1753 766 1832 necessariam.
813 1757 892 1830 Jam
913 1755 1129 1854 vituperandi
1143 1783 1230 1858 pne·

106 1864 212 1950 nepta
240 1853 478 1936 contrariissa
505 1851 598 1928 vitiis
614 1851 785 1928 sumenda
812 1878 898 1938 essa,
914 1856 1139 1954 perspicuum
1154 1867 1229 1934 est:

105 1951 210 2038 dmul
228 1964 282 2028 est
298 1951 385 2030 illud
412 1959 497 2032 anta
512 1952 647 2036 oculos,
676 1977 742 2030 neo
759 1952 890 2032 bonum
907 1954 1018 2035 virum
1039 1957 1176 2056 proprie
1193 1965 1231 2036 et

88 2050 246 2148 ,eopiosa
273 2051 401 2132 laudari
433 2051 510 2132 sine
543 2053 726 2136 virtutum,
744 2079 811 2132 uec
842 2053 1036 2153 improbum
1061 2056 1174 2137 notari
1188 2081 1230 2135 ac

7 2231 9 2236 ,
104 2149 286 2246 vituperari
302 2152 380 2232 sine
394 2151 559 2230 vitiorum
583 2152 739 2252 cognitio
765 2178 811 2230 ne
829 2154 909 2229 satis
929 2155 1094 2252 insignite
1122 2165 1230 2252 atque

105 2248 230 2346 aspere
242 2272 359 2344 posse:
384 2258 491 2347 atque
518 2249 573 2326 his
594 2251 680 2330 locis
705 2260 743 2328 et
769 2250 937 2328 wlaudandi
952 2261 989 2326 et
1013 2253 1231 2350 vituperandi

103 2347 384 2444 smpenobisest
400 2347 576 2428 utendum
590 2348 735 2433 inomni
753 2375 883 2448 genere
896 2375 1107 2434 musseium.
1143 2351 1232 2430 ⁴Ha-

104 2445 207 2526 betis,
223 2447 269 2527 de
282 2446 504 2530 invadiandis
521 2449 627 2526 robus
649 2447 950 2548 disponendisque
972 2451 1058 2550 quid
1072 2451 1231 2532 sentiam.

103 2541 306 2640 Adiungam
319 2547 427 2623 etiam
441 2545 488 2620 ds
515 2547 691 2630 momoria,
717 2559 756 2626 ut
772 2551 900 2625 ¹labore
928 2550 1094 2628 Crassum
1109 2553 1232 2636 larem.

103 2641 272 2753 neque-ei
289 2642 480 2741 quidquam
493 2643 596 2727 aliud,
608 2645 651 2722 de
668 2671 743 2745 quo
761 2647 916 2728 disserat,
937 2651 1145 2744 relinquam,
1162 2649 1233 2732 uisi
1264 2619 1287 2768 ζ

105 2764 159 2822 aa,
178 2742 302 2837 quibus
313 2742 392 2822 haec
409 2755 634 2826 exornentur.
1299 2825 1301 2832 ,

156 2839 364 2922 LXXXVI.
388 2841 502 2939 Perge
518 2839 612 2926 verb,
638 2843 754 2942 inquit
775 2841 940 2922 Crassus:
964 2839 1114 2922 libenter
1134 2843 1231 2922 enirn

103 2945 142 3018 te
154 2940 336 3038 cognitum
348 2939 418 3036 pm
430 2942 610 3022 artificem,
624 2943 888 3042 aliquandoque
901 2943 1083 3020 evolutum
1099 2941 1166 3016 illis
1177 2942 1231 3018 iu·

103 3038 324 3136 tegumentis
347 3039 635 3119 dissimulationis
663 3051 739 3120 tuse
766 3045 1012 3140 nudatumque
1037 3037 1231 3138 perspicio;

106 3143 158 3216 a,
175 3133 368 3230 quaemihi
383 3137 482 3222 nibil,
498 3147 561 3218 aut
573 3141 676 3238 qubd
699 3167 775 3216 non
792 3143 944 3222 multum
960 3139 1140 3236 relinquis,
1159 3165 1231 3238 per·

106 3235 295 3314 commode
308 3235 641 3334 tacis-estquemibi
654 3250 802 3340 gratum.
851 3235 1231 3338 Jamistuc‚quantum

108 3329 173 3411 tibi
186 3355 254 3426 ego
265 3332 473 3430 reliquerim,
489 3337 602 3436 inquit
619 3339 808 3422 Antonius,
825 3337 892 3418 eo't
909 3338 946 3415 iu
963 3346 1022 3412 tua
1033 3347 1231 3435 potestate;

105 3428 138 3511 si
156 3429 252 3508 enim
268 3431 349 3509 verb
368 3437 637 3530 agerevolueris,
654 3437 771 3516 omnia
783 3436 846 3527 tibi
861 3437 1043 3534 relinquo:
1070 3436 1231 3514 sindissi-

104 3528 252 3612 anulare,
265 3533 630 3627 tuquemadmodum
653 3536 707 3612 his
736 3536 937 3620 satisfacias,
963 3535 1100 3612 videris.
1148 3537 1231 3620 Sed,

105 3628 204 3706 etad
219 3654 295 3704 rem
308 3629 459 3714 redeam,
488 3659 563 3708 non
590 3659 669 3712 sum
696 3646 795 3712 tanto
815 3661 896 3732 ego,
919 3634 1049 3730 inquit,
1074 3635 1232 3735 ingenio,

107 3735 244 3834 quanto
257 3729 522 3805 Themistocles
537 3732 616 3812 fuit,
632 3743 672 3806 ut
689 3733 870 3807 oblivionis
895 3741 1018 3814 artem,
1036 3740 1145 3832 quam
1159 3761 1231 3810 ms·

107 3823 230 3896 moriae
245 3827 379 3902 malim:
404 3831 618 3928 gratiamque
634 3831 745 3906 habeo
756 3831 925 3908 Simonidi
941 3831 989 3908 illi
1012 3831 1107 3918 Ceio,
1124 3855 1229 3930 quem

103 3919 258 4020 primum
269 3923 390 4000 lerunt
402 3940 515 4003 artem
529 3929 708 4004 memoriae
721 3929 917 4031 protulisse.
969 3932 1105 4008 Dicunt
1121 3927 1228 4010 enim,

103 4019 190 4098 cum
207 4035 363 4103 emanat
378 4027 573 4106 Crannone
584 4027 814 4108 inThessalia
828 4028 1025 4108 Simonides
1041 4025 1132 4123 apud
1147 4025 1228 4098 Sco

105 4143 195 4226 pom,
224 4119 445 4202 fortunatum
469 4127 646 4202 hominem
662 4139 700 4202 et
724 4127 890 4210 nobilem,
916 4127 1167 4216 cecinissetque
1189 4121 1228 4196 id

104 4240 259 4300 carmen,
278 4224 376 4324 quod
390 4225 528 4298 insum
544 4226 748 4324 scripsisset,
778 4227 905 4326 inquo
936 4222 1045 4298 multa
1078 4221 1227 4297 ornandi
1322 4275 1324 4282 ,

107 4340 235 4402 caussa,
252 4331 441 4419 poetarum
457 4349 562 4408 more,
586 4325 624 4403 in
646 4325 827 4401 Castorem
852 4323 976 4420 scripta
991 4327 1027 4394 et
1046 4319 1229 4402 Pollucem

109 4473 111 4478 ·
147 4451 166 4502 Ι
180 4452 296 4508 decrero
304 4449 573 4532 manuspretium]
592 4453 753 4522 Lambinus
766 4425 847 4529 ⁸legit
866 4451 1000 4516 virtuti,-
1020 4449 1074 4508 ssd
1088 4451 1227 4512 emenda·

103 4525 183 4604 tione
197 4547 256 4592 nou
269 4547 347 4610 opus¹
359 4544 424 4594 esta
445 4538 559 4592 decreta
576 4533 630 4617 (sc.
644 4535 732 4596 alicui
747 4533 821 4608 viro)
834 4532 954 4587 virtutis
961 4534 1093 4602 terenda.
