2830 5014
539 381 668 452 Llrlltn
686 381 730 452 ll·
748 385 797 452 tt.
1159 401 1212 456 rsa

82 541 225 616 litatem
239 557 284 613 ex
298 530 406 612 laude
418 531 516 610 nasci
540 537 719 622 defendet,
736 553 937 652 semperque
951 555 1027 616 eam
1042 513 1219 642 cumdigl

80 641 287 736 nitateesse
312 635 548 732 conjunctam.
600 637 682 718 Sed,
704 637 790 734 quid
817 639 891 711 liert
918 640 1024 736 possit
1050 651 1212 718 autnon

81 737 210 835 possit,
226 736 380 834 quidque
393 733 497 807 etiam
509 733 555 807 sit
568 755 712 810 necesse
724 747 789 809 aut
804 757 881 810 non
897 737 950 820 sit,
966 739 1004 811 in
1016 747 1161 837 utraque
1170 761 1210 812 re

81 837 237 910 maxime
256 844 307 908 est
318 833 574 930 quaerendum:
598 835 765 907 inciditur
780 834 876 906 enim
887 837 999 908 omnis
1005 838 1075 934 jam
1088 839 1212 912 delibe-

81 935 218 1018 ratiost
230 932 437 1029 intelligitur
447 953 521 1004 non
530 951 633 1029 posse
642 933 729 1013 fieri,
734 942 796 1006 aut
808 932 836 1004 si
849 934 1037 1008 necessitas
1045 935 1185 1010 affertur
1199 967 1210 1026 3

79 1034 198 1130 etqui
215 1033 251 1106 id
267 1031 403 1111 docuit,
435 1052 511 1104 non
534 1030 728 1104 videntibus
756 1031 842 1113 aliis,
858 1030 888 1102 is
913 1033 1100 1130 plurimum
1115 1035 1208 1112 vidit.

80 1124 142 1226 Ad
157 1131 344 1205 consilium
356 1138 474 1202 autem
483 1126 529 1200 de
541 1129 732 1226 Republica
744 1128 899 1202 dandum
910 1141 1012 1228 caput
1028 1144 1092 1214 est,
1101 1155 1208 1206 nosse

79 1229 370 1326 Rempublicamr
395 1225 637 1301 addicendum
645 1227 728 1301 verb
740 1227 967 1324 probabiliter,
978 1253 1082 1304 nosse
1094 1255 1207 1305 mores

77 1325 253 1414 civitatis3
277 1328 337 1423 qui
353 1325 434 1424 quia
461 1327 585 1399 crebrb
611 1336 815 1407 mutantur,
838 1348 952 1424 genus
968 1353 1109 1428 qnoque
1137 1343 1209 1403 ora-

76 1423 189 1498 tIonis
203 1435 257 1503 est
273 1446 370 1537 saepe
386 1425 593 1498 mutandum
612 1454 622 1512 ;
654 1432 703 1506 et,
733 1449 939 1522 quamquam
966 1449 1038 1500 una
1064 1429 1205 1502 fereris

73 1533 140 1598 est
154 1525 380 1623 eloquentiae,
409 1534 545 1604 tamen,
570 1522 651 1619 quia
676 1547 808 1596 summa
823 1523 973 1619 dignitas
990 1535 1045 1598 est
1072 1525 1206 1624 populi,

77 1624 278 1720 gravissima
293 1645 414 1696 caussa
431 1621 656 1735 Reipublicae,
674 1621 812 1694 maximi
828 1632 943 1696 motus
958 1624 1206 1709 multitudinis,

76 1745 194 1817 genus
210 1748 354 1820 quoque
366 1715 508 1796 dicendr
523 1720 690 1818 grandius
700 1720 875 1818 quoddam
892 1730 928 1794 et
942 1723 1111 1795 illustrius
1127 1747 1205 1798 osse

75 1820 322 1894 adhibendum
338 1820 474 1893 uidetur
490 1845 498 1890 :
523 1819 743 1915 maximaque
759 1843 835 1917 pars
845 1820 1008 1892 orationis
1023 1821 1206 1914 admoveri·

73 1909 126 1988 da
137 1925 192 1990 est
204 1917 248 1990 ad
259 1918 452 1990 animorum
462 1930 581 1992 motus
592 1941 860 2013 nonnumquam
872 1927 934 1991 aut
943 1921 1201 2007 cohortatione,

73 2024 145 2108 aut
156 2016 484 2090 commemoratione
493 2015 619 2114 aliqua,
629 2025 692 2090 aut
704 2017 741 2089 in
752 2041 863 2114 spem,
873 2027 931 2089 aut
941 2016 979 2091 in
988 2027 1133 2102 metum,
1140 2031 1207 2096 aut

73 2111 121 2187 ad
132 2115 370 2212 cupiditatem,
381 2124 442 2188 aut
453 2115 496 2188 ad
510 2116 659 2263 gloriam
671 2115 918 2189 concitandos:
944 2138 1039 2215 saepe
1054 2116 1158 2198 etiarn
1180 2117 1203 2190 i

74 2212 289 2296 temeritate,
304 2213 492 2297 iracundia,
524 2227 525 2230 ’
543 2236 618 2312 ape,
634 2213 766 2311 injuria,
777 2213 913 2298 invidia,
936 2216 1139 2288 crudelitate
1152 2227 1204 2287 re·-

76 2313 266 2386 vocandos.

126 2402 338 2484 LXXXIII.
363 2411 423 2486 Fit
439 2425 569 2494 autem,
593 2423 646 2496 ut,
676 2411 756 2510 quia
772 2411 921 2488 maxima
948 2411 1047 2510 quasi
1075 2411 1202 2487 oratori

75 2525 185 2582 scena
208 2509 362 2586 videatur
385 2513 522 2594 concio,
547 2511 675 2588 naturai
703 2511 779 2610 ipsi
806 2513 849 2588 ad
877 2515 1032 2588 ornatius
1060 2509 1202 2590 dicendi

75 2631 193 2704 genus
207 2603 403 2694 ericitetur3
426 2610 531 2682 habet
547 2611 642 2683 enim
657 2611 848 2686 multitudo
863 2614 932 2686 vim
955 2613 1128 2711 quandam
1153 2620 1203 2685 ta·

74 2703 225 2786 lem,‘trt‚
238 2705 533 2802 quemadmodum
551 2709 680 2782 tibicen
694 2710 772 2781 sinc
787 2710 881 2782 tibiis
899 2735 1036 2790 canere,
1065 2709 1113 2780 sic
1128 2729 1201 2779 ora·

74 2801 230 2876 rorsrne
247 2804 478 2879 multitudine
504 2805 667 2882 audiente
692 2809 865 2904 eloquens
880 2831 957 2878 esse
985 2831 1058 2878 non
1073 2805 1197 2902 possit.

76 2901 141 3004 Et,
158 2902 240 3002 citur
257 2903 328 2976 siut
339 2905 520 3002 populares
543 2907 644 2980 multi
669 2907 821 3005 variique
837 2905 964 3004 lapsus,
991 2904 1129 2976 vitanda
1144 2912 1202 2976 est

73 3000 278 3075 acclamatio
293 3001 433 3076 adversa
443 3003 577 3101 populi,
588 3025 670 3102 quse
683 3017 744 3080 aut
754 3003 917 3080 orationis
927 3013 1071 3105 peccato
1082 2999 1200 3097 aliquo

76 3099 264 3182 circitatur,
281 3101 311 3173 si
326 3102 462 3198 aspere,
487 3101 517 3176 si
532 3113 745 3201 arroganter,
771 3107 799 3179 si
815 3104 970 3202 turpiter,
999 3103 1026 3174 si
1043 3097 1198 3181 sordide,
1307 3157 1318 3174 ,

74 3195 107 3269 si
126 3221 270 3294 quoquo
297 3199 402 3272 animi
418 3201 502 3274 vitio
517 3199 653 3277 dictum
681 3229 759 3277 esse
789 3202 920 3300 aliquid
936 3199 1113 3286 videatur3
1137 3205 1198 3270 aut

82 3293 269 3368 hominum
285 3298 488 3382 offensione,
504 3301 560 3372 vel
583 3301 721 3384 invidia,
753 3323 838 3399 quae
860 3307 922 3372 aut
931 3299 1028 3396 justa
1044 3305 1106 3381 est,
1135 3305 1199 3370 aut

75 3391 95 3446 7
115 3417 162 3466 ex
178 3394 417 3471 ‘criminatione
431 3406 535 3494 atque
545 3400 658 3485 fama;
682 3413 811 3474 autres
828 3399 856 3472 si
873 3389 1057 3496 displicet;
1080 3405 1139 3466 aut
1167 3392 1197 3466 si

75 3499 131 3586 est
146 3491 184 3565 in
199 3493 315 3591 aliquo
338 3505 438 3568 motu
454 3521 529 3570 suae
546 3499 744 3597 cupiditatis
768 3509 830 3573 aut
844 3505 962 3570 metus
979 3491 1198 3578 multitudo;

6 3595 7 3600 ’
75 3591 199 3690 hisque
227 3603 378 3692 quatuor
404 3596 535 3670 caussis
561 3599 708 3673 totidem
733 3597 919 3673 medicinae
948 3601 1195 3692 opponuntur:

75 3698 153 3770 trun
165 3692 369 3791 objurgatio,
384 3695 413 3768 si
425 3695 702 3785 estauctoritas3
724 3707 799 3770 tum
815 3694 1017 3774 admonitio,
1036 3691 1132 3788 quasi
1150 3691 1197 3763 le·

74 3787 156 3860 nior
172 3791 382 3888 objurgati03
406 3803 482 3868 tum
499 3793 692 3893 promissio,
717 3797 745 3869 si
760 3793 943 3873 audierint,
972 3793 1196 3889 probaturos:

74 3895 157 3959 turn
168 3886 373 3986 deprecatio,
385 3893 481 3988 quod
493 3903 548 3966 est
559 3891 731 3976 infimum,
741 3893 803 3966 sed
821 3915 1088 3989 nonnumquam
1099 3887 1192 3961 utile.

73 3981 189 4060 Nullo
211 3997 329 4064 antem
356 3989 433 4066 loco
451 3991 528 4091 plus
556 3991 694 4066 facetiae
712 3998 871 4092 prosunt,
894 4001 931 4062 et
959 3987 1129 4063 celeritas,
1155 3988 1194 4050 et

113 4113 207 4180 ⁶⁸l²er
220 4103 356 4189 fnjw'as]
376 4113 577 4183 Incommode,
595 4113 706 4189 opinor,
721 4111 791 4172 huic
814 4113 878 4169 loco
891 4113 986 4172 haerct
997 4125 1053 4166 roa
1064 4109 1137 4172 spe:
1157 4097 1194 4190 ln

73 4188 225 4264 excerptis
240 4189 324 4260 MSti
337 4193 413 4250 Nor.
424 4193 536 4270 legitur
548 4197 640 4266 preat
654 4193 763 4266 injusta
771 4216 787 4261 ,z
804 4193 881 4252 unde
896 4189 1017 4251 arbitror
1031 4175 1194 4257 legendnm

6 4325 8 4332 ,
73 4271 494 4345 css01aaelteabinjuriu‚etc.
1172 4334 1179 4352 ·
1245 4341 1246 4348 ἵ

6 4375 7 4382 ¹
115 4351 136 4402 7.
148 4365 188 4405 cx
202 4353 399 4410 criminatione
413 4355 591 4434 atquesama
605 4349 635 4432 ς]
654 4355 732 4412 Haec
747 4361 848 4412 v‘voces
864 4351 1049 4423 opponuntur
1076 4337 1195 4398 offensi·

73 4424 126 4483 cni
134 4435 167 4484 et
176 4413 402 4503 Invidiaejaarae,
416 4431 617 4507 etsiguificant
625 4453 691 4492 earn
701 4433 799 4508 solium
811 4423 1052 4494 criminationem,
1065 4437 1131 4496 quae
1145 4437 1196 4496 ΡΟ·

74 4505 266 4582 parasitus
279 4524 311 4569 et
320 4522 449 4574 rumore
460 4513 572 4590 nittiur,
585 4525 616 4574 ct
625 4531 715 4590 quam
728 4515 839 4576 Noster
851 4503 1047 4577 roeatfalaam
1063 4506 1199 4579 crz‘araua·⁴

77 4588 182 4645 tionem
196 4585 261 4648 inc.
278 4593 327 4649 79.

621 4673 685 4735 Cc
