2808 5020
503 365 634 440 'mun
652 377 693 440 n.
712 365 764 440 'aa'
1148 385 1201 438 rar

78 529 166 604 aule
176 525 274 610 milii,
282 525 350 602 nisi
359 523 548 608 admonito,
558 527 935 611 venissetinmentem3
949 535 990 599 ut
1000 517 1109 624 possis
1119 527 1206 601 exis·
1318 551 1323 560 ·

82 629 280 708 tinrareme
290 627 331 699 in
340 649 394 704 ea,
407 623 444 694 in
457 625 584 720 quibus
596 649 863 723 nonnumquam
875 623 1004 722 aliquid
1012 623 1147 698 efficere
1159 627 1206 698 vi

2 812 4 818 7
85 727 261 807 deor,usu
272 725 385 796 solere
395 721 432 794 in
443 723 594 797 dicendo
603 725 656 796 vel
668 747 749 796 casu
761 723 875 821 potiris
887 724 1073 798 incurrere.
1086 723 1141 796 Ac
1152 743 1207 795 res

86 824 235 920 quidem
246 824 322 903 istu,
335 845 438 918 quarn
449 843 524 918 ego,
536 819 698 918 quianon
711 845 846 902 noram,
859 822 908 894 sic
921 821 1207 918 tamquamiguo
1271 901 1274 908 ,

87 932 173 996 tum
184 920 358 994 bominem
374 919 611 1016 praeteritam,
628 927 765 992 tanturn
782 929 897 1017 potest
923 921 961 992 in
978 919 1138 999 dicendo,
1167 928 1208 994 ut

87 1019 139 1094 ad
153 1019 364 1094 vincendum
381 1017 480 1090 nulla
495 1017 571 1114 plus
589 1017 706 1114 possit.
755 1018 824 1090 Sed
849 1027 969 1090 tamen
985 1017 1068 1092 mihi
1086 1015 1207 1090 videris
1324 1033 1333 1054 ³

88 1127 174 1192 ante
190 1127 333 1212 tempus
350 1117 370 1185 a
387 1115 633 1190 metationem
647 1115 779 1188 ordinis
790 1126 828 1187 et
852 1113 1142 1212 disponendarum
1158 1138 1208 1186 rs-

86 1239 171 1289 rum
182 1214 386 1311 requisisse:
413 1214 541 1294 namsi
558 1237 624 1310 ego
639 1237 780 1286 omnem
794 1212 863 1284 vim
880 1214 1029 1285 oratoris
1054 1214 1091 1285 in
1106 1235 1205 1309 argu

87 1313 235 1394 mentis,
247 1325 284 1384 et
299 1313 337 1385 in
348 1335 385 1384 re
398 1311 470 1410 ipsa'
485 1337 597 1408 perse
614 1310 873 1408 comprobanda
904 1311 1104 1407 posuissem,
1118 1327 1206 1384 tem·

90 1435 161 1510 pus
175 1421 269 1484 esset
280 1410 355 1506 jam
375 1410 418 1484 de
431 1411 552 1484 ordine
566 1418 853 1507 argumentorum
868 1408 963 1480 etde
982 1409 1208 1482 collocatione

89 1507 227 1606 aliquid
243 1509 368 1582 dicere.
418 1509 488 1582 Sed
504 1509 585 1582 cum
600 1508 665 1580 tria
680 1507 750 1580 sint
766 1509 788 1579 a
805 1530 861 1579 me
877 1507 1059 1604 proposita,
1076 1508 1121 1579 de
1135 1529 1209 1580 uno

90 1607 245 1694 dictum;
269 1607 352 1680 clun
362 1608 409 1680 de
424 1607 562 1679 duobus
578 1605 720 1704 reliquis
732 1605 863 1688 dixero,
887 1604 1040 1677 tumuit
1057 1604 1209 1701 denique

89 1705 139 1780 de
153 1705 375 1802 disponenda
390 1717 468 1780 tota
482 1705 636 1778 oratione
648 1702 891 1802 quaerendum.

144 1800 287 1878 anlg
299 1801 404 1874 Valet
419 1803 526 1900 igitur
538 1802 692 1876 multum
704 1801 981 1886 adducendum,
997 1803 1129 1901 probari
1142 1827 1211 1876 me

93 1923 168 1981 res,
182 1898 363 1979 instituta,
377 1909 416 1972 et
432 1901 537 1982 facta,
554 1910 592 1972 et
608 1898 709 1972 vitam
724 1925 856 1984 eorum,
873 1903 1050 2000 qui·agent
1063 1923 1211 1982 caussas,

93 2005 136 2069 et
152 2020 285 2078 eorum,
311 2021 372 2094 pro
388 1998 539 2094 quibus3
564 2007 602 2071 et
623 1997 707 2072 item
724 1998 903 2097 improbari
918 2001 1210 2075 adversariorum:

90 2095 302 2192 animosque
327 2095 457 2178 eorum,
485 2096 577 2194 apud
607 2119 697 2192 quos
724 2107 887 2195 ⁹agetur,
910 2096 1086 2173 cbnciliari
1102 2102 1210 2197 quam

81 2193 246 2268 maxime
263 2193 306 2269 ad
321 2195 597 2268 benevolentiam
608 2221 689 2270 eum
702 2219 783 2294 erga
796 2208 978 2276 oratorem,
994 2207 1071 2268 tum
1084 2217 1164 2292 erga
1176 2197 1212 2268 il·

95 2293 189 2374 lum,
201 2315 267 2388 pro
277 2315 350 2388 quo
362 2292 454 2366 dicet
467 2303 596 2366 orator.
645 2293 1013 2367 Concilianturautem
1024 2293 1131 2366 animi
1141 2294 1214 2392 dig·

96 2389 209 2464 nitate
226 2389 390 2472 hominis,
415 2393 515 2486 rebus
530 2389 651 2490 gestis,
667 2391 923 2466 existimatione
939 2391 1043 2480 vitae;
1067 2415 1150 2490 quse
1162 2393 1184 2466 ·f
1201 2434 1212 2444 -

97 2487 199 2562 eilibs
222 2488 334 2562 ornari
359 2500 518 2588 possunt,
543 2490 572 2563 si
585 2488 694 2564 modb
710 2507 807 2571 sunt,
824 2495 931 2588 quam
946 2493 1045 2590 fingi,
1070 2492 1099 2564 si
1116 2494 1214 2568 nulla

93 2595 195 2662 sunt.
244 2588 315 2660 Sed
328 2587 410 2660 haec
421 2589 582 2686 adjuvant
597 2589 635 2662 in
652 2597 804 2671 oratore,
815 2591 943 2667 lenitas
957 2592 1061 2675 vocis,
1072 2591 1087 2641 ¹
1098 2592 1215 2666 vultds

97 2682 241 2782 pudoris
258 2684 471 2780 significatio,
487 2689 667 2760 verborum
682 2688 845 2762 comitas:
870 2689 898 2760 si
911 2688 995 2784 quid
1006 2713 1213 2786 persequare

97 2779 232 2863 acrius,
251 2789 291 2854 ut
307 2782 435 2856 invitus
452 2791 489 2855 et
507 2792 649 2858 coactus
665 2785 784 2860 *facere
808 2786 952 2858 videare.
1013 2785 1212 2874 Facilitatis,
1301 2807 1303 2819 ⁴

97 2879 322 2962 liberalitatis,
339 2881 633 2966 mansuetudinis,
651 2882 800 2981 pietatis,
818 2884 904 2982 grati
920 2882 1137 2963 animi‚'1r0n
1157 2903 1212 2980 ap

89 2979 265 3078 petentis,
288 3003 362 3052 non
379 2980 467 3054 aridi
484 2981 582 3079 signa
598 2984 743 3079 proferri
760 2984 906 3082 perutile
922 2989 975 3055 es't
984 3012 994 3070 ;
1019 3005 1129 3078 eaque
1143 3005 1213 3053 om·

96 3077 172 3156 nia,
186 3100 271 3174 quae
287 3079 485 3174 proborum,
497 3079 735 3165 demissorum,
749 3083 1059 3164 nonacrium-ncn
1068 3079 1214 3174 pertina-

98 3173 208 3254 ciurn,
235 3199 309 3248 non
334 3177 572 3274 litigiosorum,
594 3201 669 3252 non
696 3183 896 3254 acerborum
923 3186 1016 3257 sunt,
1045 3177 1143 3250 valde
1159 3179 1215 3251 be·

49 3300 54 3312 ·
99 3273 336 3346 nevolennam
362 3275 564 3358 conciliant,
595 3277 865 3373 abalienantque
897 3274 1025 3357 abiis,
1060 3275 1100 3350 in
1139 3276 1212 3373 qui·

100 3371 169 3444 bus
194 3371 273 3444 haeo
301 3395 374 3445 non
401 3384 493 3448 sunt.
541 3375 671 3473 Itaque
698 3377 820 3450 eadem
836 3385 921 3450 sunt
953 3372 991 3446 in
1004 3374 1215 3448 adversarios

85 3469 342 3545 -excontrario
354 3471 576 3570 conferenda.
627 3474 695 3548 Sed
712 3499 824 3572 genus
839 3475 906 3548 hoc
921 3481 1035 3550 totum
1050 3472 1215 3546 orationis
1244 3553 1255 3562 ,

99 3567 138 3640 in
154 3566 195 3640 iis
215 3569 345 3643 caussis
362 3571 520 3654 excellet,
537 3571 720 3668 inquibus
741 3573 859 3647 mimis
875 3580 989 3670 potest
1011 3568 1215 3648 inflammari

97 3663 235 3740 animus
249 3666 374 3763 judicis
391 3669 460 3742 acri
476 3677 513 3741 et
524 3669 719 3744 vehementi
732 3673 879 3768 quadam
891 3669 1117 3744 incitatione:
1142 3693 1216 3746 non

100 3761 198 3838 enim
213 3789 347 3864 semper
362 3767 460 3841 fortia
476 3767 584 3840 oratio
596 3767 778 3862 quaeritur,
795 3769 856 3842 sed
866 3791 961 3866 saepe
972 3767 1114 3866 placida,
1126 3793 1216 3844 surn-

143 3933 162 3984 9
176 3927 299 4010 agitata]
313 3931 358 3989 lta
370 3930 450 3990 recte
466 3931 574 3992 MStus
593 3933 676 3994 Harl.
691 3950 735 4009 pr.
749 3945 783 3993 ut
796 3939 880 3989 antea
892 3945 991 4005 agenr,
1008 3947 1039 3996 et
1052 3937 1137 4012 paulo
1149 3939 1215 4004 post

93 4012 202 4068 sicet.-
223 4010 287 4068 haec
301 4009 389 4069 etiam
401 4011 494 4071 lectio
506 4012 582 4072 inest
594 4013 625 4072 in
637 4013 772 4091 margine
786 4008 922 4071 editionis
940 4014 1084 4074 Lambini.
1124 4011 1163 4066 Et
1175 4005 1216 4065 ita

99 4089 216 4149 Noster
233 4087 263 4145 in
277 4109 302 4149 c.
317 4095 363 4148 77.
377 4105 411 4148 ut
425 4095 465 4148 ad
487 4111 583 4150 esrum
598 4105 717 4163 mentes,
739 4095 820 4162 apud
838 4111 913 4166 quos·
923 4109 1039 4166 agatur,
1060 4089 1214 4146 movendas

94 4161 273 4242 {immanere
283 4173 407 4241 possint.
448 4171 561 4250 Vulgo,
574 4178 682 4245 agitur.
1083 4179 1113 4188 ''

94 4262 97 4268 ’
145 4255 156 4304 l
172 4244 270 4308 cultris
279 4251 615 4333 leudorissr'gnificatio,]
629 4254 672 4311 lta
685 4251 843 4328 legendum
861 4265 941 4331 puto,
961 4251 1055 4310 deleto
1068 4255 1216 4306 sommae

100 4341 170 4402 post
181 4347 285 4388 rocem
295 4327 391 4388 vultds
406 4349 417 4388 .·
436 4343 536 4390 uttam
549 4329 656 4400 cultris,
665 4331 896 4408 qudmfiadon's,
910 4331 948 4389 ait
962 4323 1080 4404 genitivi
1092 4337 1217 4386 etsus'et

100 4419 221 4481 regetur
234 4407 251 4464 ὲ
262 4428 333 4468 voce
345 4403 529 4482 significatio.
571 4411 797 4488 Haec'loquendi
810 4411 938 4471 formula
951 4405 1061 4480 saepius
1078 4403 1155 4481 apud
1167 4403 1217 4464 Ci-

100 4500 245 4544 ceronem
257 4490 407 4549 occurrit:
428 4491 575 4566 exemplo·
581 4491 619 4550 'sit
626 4489 704 4550 istud
714 4492 743 4550 ln
753 4491 834 4552 initio
843 4494 925 4549 Orat
939 4484 970 4546 in
980 4485 1130 4557 Pisonem,
1138 4485 1218 4541 Jam-

97 4581 138 4624 ne
152 4571 376 4643 sandapilam
390 4574 536 4630 nominum
549 4569 867 4645 querelafrosria·taae?
916 4575 930 4592 '‘
975 4603 977 4608 ·
1173 4573 1188 4584 “’

1377 4541 1401 4656 l
