<?xml version="1.0" encoding="UTF-8"?>
<!DOCTYPE html PUBLIC "-//W3C//DTD XHTML 1.0 Transitional//EN"
    "http://www.w3.org/TR/xhtml1/DTD/xhtml1-transitional.dtd">
<html xmlns="http://www.w3.org/1999/xhtml" xml:lang="en" lang="en">
 <head>
  <title>
</title>
<meta http-equiv="Content-Type" content="text/html;charset=utf-8" />
  <meta name='ocr-system' content='tesseract 3.04.00' />
  <meta name='ocr-capabilities' content='ocr_page ocr_carea ocr_par ocr_line ocrx_word'/>
</head>
<body>
  <div class='ocr_page' id='page_1' title='image "./mtulliiciceroni00peargoog_0017.png"; bbox 0 0 2854 5016; ppageno 0'>
   <div class='ocr_carea' id='block_1_1' title="bbox 393 550 908 622">
    <p class='ocr_par' dir='ltr' id='par_1_1' title="bbox 393 499 908 622">
     <span class='ocr_line' id='line_1_1' title="bbox 393 550 908 622; baseline 0.004 -6"><span class='ocrx_word' id='word_1_1' title='bbox 393 550 447 618; x_wconf 81' lang='lat' dir='ltr'><strong>M.</strong></span> <span class='ocrx_word' id='word_1_2' title='bbox 467 550 637 614; x_wconf 87' lang='lat' dir='ltr'>TULLII</span> <span class='ocrx_word' id='word_1_3' title='bbox 660 551 908 622; x_wconf 85' lang='lat' dir='ltr'>CICERONIS</span> 
     </span>
    </p>
   </div>
   <div class='ocr_carea' id='block_1_2' title="bbox 625 741 672 790">
    <p class='ocr_par' dir='ltr' id='par_1_2' title="bbox 625 741 672 790">
     <span class='ocr_line' id='line_1_2' title="bbox 625 741 672 790; baseline 0 0"><span class='ocrx_word' id='word_1_4' title='bbox 625 741 672 790; x_wconf 73' lang='lat' dir='ltr'><strong>DE</strong></span> 
     </span>
    </p>
   </div>
   <div class='ocr_carea' id='block_1_3' title="bbox 315 852 975 1037">
    <p class='ocr_par' dir='ltr' id='par_1_3' title="bbox 315 852 975 1037">
     <span class='ocr_line' id='line_1_3' title="bbox 315 852 975 1037; baseline 0.003 -7"><span class='ocrx_word' id='word_1_5' title='bbox 315 852 975 1037; x_wconf 68' lang='lat' dir='ltr'><strong>daurons</strong></span> 
     </span>
    </p>
   </div>
   <div class='ocr_carea' id='block_1_4' title="bbox 626 1176 678 1226">
    <p class='ocr_par' dir='ltr' id='par_1_4' title="bbox 626 1176 678 1226">
     <span class='ocr_line' id='line_1_4' title="bbox 626 1176 678 1226; baseline 0 0"><span class='ocrx_word' id='word_1_6' title='bbox 626 1176 678 1226; x_wconf 81' lang='lat' dir='ltr'><strong>&#39;AD</strong></span> 
     </span>
    </p>
   </div>
   <div class='ocr_carea' id='block_1_5' title="bbox 307 1341 911 1625">
    <p class='ocr_par' dir='ltr' id='par_1_5' title="bbox 307 1341 911 1625">
     <span class='ocr_line' id='line_1_5' title="bbox 464 1341 829 1450; baseline 0.014 -29"><span class='ocrx_word' id='word_1_7' title='bbox 464 1343 515 1450; x_wconf 72' lang='lat' dir='ltr'><strong>Q,</strong></span> <span class='ocrx_word' id='word_1_8' title='bbox 543 1341 829 1426; x_wconf 85' lang='lat' dir='ltr'>FRATREM</span> 
     </span>
     <span class='ocr_line' id='line_1_6' title="bbox 307 1485 911 1625; baseline -0.002 -17"><span class='ocrx_word' id='word_1_9' title='bbox 307 1485 311 1494; x_wconf 31' lang='lat'>⁸</span> <span class='ocrx_word' id='word_1_10' title='bbox 374 1549 606 1625; x_wconf 72' lang='lat' dir='ltr'><strong>nranosus,</strong></span> <span class='ocrx_word' id='word_1_11' title='bbox 627 1551 865 1610; x_wconf 78' lang='lat' dir='ltr'><strong>snunrnnn</strong></span> <span class='ocrx_word' id='word_1_12' title='bbox 884 1551 911 1607; x_wconf 88' lang='lat' dir='ltr'><strong>r.</strong></span> 
     </span>
    </p>
   </div>
   <div class='ocr_carea' id='block_1_6' title="bbox 568 1763 715 1799">
    <p class='ocr_par' dir='ltr' id='par_1_6' title="bbox 568 1763 715 1799">
     <span class='ocr_line' id='line_1_7' title="bbox 568 1763 715 1799; baseline -0.007 0"><span class='ocrx_word' id='word_1_13' title='bbox 568 1764 571 1772; x_wconf 83' lang='lat'><strong><em>¹</em></strong></span> <span class='ocrx_word' id='word_1_14' title='bbox 591 1763 715 1799; x_wconf 59' lang='lat' dir='ltr'><strong>-st-</strong></span> 
     </span>
    </p>
   </div>
   <div class='ocr_carea' id='block_1_7' title="bbox 55 1899 1229 3672">
    <p class='ocr_par' dir='ltr' id='par_1_7' title="bbox 113 1899 1178 2010">
     <span class='ocr_line' id='line_1_8' title="bbox 113 1899 1178 2010; baseline 0.009 -29"><span class='ocrx_word' id='word_1_15' title='bbox 113 1919 145 1994; x_wconf 85' lang='lat'><strong>1,</strong></span> <span class='ocrx_word' id='word_1_16' title='bbox 251 1916 509 1990; x_wconf 74' lang='lat' dir='ltr'><strong>OGITANTr</strong></span> <span class='ocrx_word' id='word_1_17' title='bbox 522 1899 909 2010; x_wconf 59' lang='lat' dir='ltr'><strong>anffbn‘ssep‘efiumero,</strong></span> <span class='ocrx_word' id='word_1_18' title='bbox 945 1921 982 1986; x_wconf 88' lang='lat' dir='ltr'><strong>et</strong></span> <span class='ocrx_word' id='word_1_19' title='bbox 1011 1916 1178 1992; x_wconf 83' lang='lat' dir='ltr'><strong>memoria</strong></span> 
     </span>
    </p>

    <p class='ocr_par' dir='ltr' id='par_1_8' title="bbox 55 2007 1229 3672">
     <span class='ocr_line' id='line_1_9' title="bbox 247 2007 1180 2108; baseline 0.002 -24"><span class='ocrx_word' id='word_1_20' title='bbox 247 2018 365 2084; x_wconf 86' lang='lat' dir='ltr'><strong>vetera</strong></span> <span class='ocrx_word' id='word_1_21' title='bbox 381 2007 568 2106; x_wconf 78' lang='lat' dir='ltr'><strong>repetenti,</strong></span> <span class='ocrx_word' id='word_1_22' title='bbox 592 2007 750 2108; x_wconf 82' lang='lat' dir='ltr'><strong>perbeati</strong></span> <span class='ocrx_word' id='word_1_23' title='bbox 763 2008 881 2092; x_wconf 79' lang='lat' dir='ltr'><strong>fuisse,</strong></span> <span class='ocrx_word' id='word_1_24' title='bbox 906 2007 1047 2094; x_wconf 80' lang='lat' dir='ltr'><strong>Quinte</strong></span> <span class='ocrx_word' id='word_1_25' title='bbox 1058 2013 1180 2096; x_wconf 87' lang='lat' dir='ltr'><strong>frater,</strong></span> 
     </span>
     <span class='ocr_line' id='line_1_10' title="bbox 109 2106 1181 2207; baseline 0.001 -24"><span class='ocrx_word' id='word_1_26' title='bbox 109 2107 281 2184; x_wconf 78' lang='lat' dir='ltr'><strong>illivid&#39;eri</strong></span> <span class='ocrx_word' id='word_1_27' title='bbox 296 2107 421 2186; x_wconf 85' lang='lat' dir='ltr'><strong>solent,</strong></span> <span class='ocrx_word' id='word_1_28' title='bbox 444 2108 505 2207; x_wconf 92' lang='lat' dir='ltr'><strong>qui</strong></span> <span class='ocrx_word' id='word_1_29' title='bbox 528 2106 569 2180; x_wconf 91' lang='lat' dir='ltr'><strong>in</strong></span> <span class='ocrx_word' id='word_1_30' title='bbox 585 2108 718 2206; x_wconf 88' lang='lat' dir='ltr'><strong>optima</strong></span> <span class='ocrx_word' id='word_1_31' title='bbox 736 2107 937 2206; x_wconf 85' lang='lat' dir='ltr'><strong>Republica,</strong></span> <span class='ocrx_word' id='word_1_32' title='bbox 963 2110 1046 2182; x_wconf 80' lang='lat' dir='ltr'><strong>oum</strong></span> <span class='ocrx_word' id='word_1_33' title='bbox 1071 2119 1107 2182; x_wconf 90' lang='lat' dir='ltr'><strong>et</strong></span> <span class='ocrx_word' id='word_1_34' title='bbox 1123 2114 1181 2184; x_wconf 81' lang='lat' dir='ltr'><strong>ho</strong></span> 
     </span>
     <span class='ocr_line' id='line_1_11' title="bbox 112 2204 1180 2304; baseline 0.004 -26"><span class='ocrx_word' id='word_1_35' title='bbox 112 2207 255 2284; x_wconf 80' lang='lat' dir='ltr'><strong>naribus</strong></span> <span class='ocrx_word' id='word_1_36' title='bbox 272 2214 311 2278; x_wconf 87' lang='lat' dir='ltr'><strong>et</strong></span> <span class='ocrx_word' id='word_1_37' title='bbox 327 2230 443 2279; x_wconf 88' lang='lat' dir='ltr'><strong>rerum</strong></span> <span class='ocrx_word' id='word_1_38' title='bbox 464 2214 645 2304; x_wconf 86' lang='lat' dir='ltr'><strong>gestarum</strong></span> <span class='ocrx_word' id='word_1_39' title='bbox 670 2204 782 2303; x_wconf 85' lang='lat' dir='ltr'><strong>gloria</strong></span> <span class='ocrx_word' id='word_1_40' title='bbox 800 2205 978 2286; x_wconf 88' lang='lat' dir='ltr'><strong>florerent,</strong></span> <span class='ocrx_word' id='word_1_41' title='bbox 1002 2231 1083 2280; x_wconf 90' lang='lat' dir='ltr'><strong>eum</strong></span> <span class='ocrx_word' id='word_1_42' title='bbox 1095 2208 1180 2282; x_wconf 81' lang='lat' dir='ltr'><strong>vitoe</strong></span> 
     </span>
     <span class='ocr_line' id='line_1_12' title="bbox 87 2299 1181 2402; baseline -0.001 -23"><span class='ocrx_word' id='word_1_43' title='bbox 87 2374 90 2380; x_wconf 84' lang='lat'>.</span> <span class='ocrx_word' id='word_1_44' title='bbox 111 2299 264 2380; x_wconf 71' lang='lat' dir='ltr'><strong>sursum</strong></span> <span class='ocrx_word' id='word_1_45' title='bbox 277 2313 398 2388; x_wconf 81' lang='lat' dir='ltr'><strong>tenere</strong></span> <span class='ocrx_word' id='word_1_46' title='bbox 424 2311 626 2400; x_wconf 85' lang='lat' dir='ltr'><strong>potuerunt,</strong></span> <span class='ocrx_word' id='word_1_47' title='bbox 651 2314 694 2378; x_wconf 92' lang='lat' dir='ltr'><strong>ut</strong></span> <span class='ocrx_word' id='word_1_48' title='bbox 721 2303 775 2376; x_wconf 86' lang='lat' dir='ltr'><strong>vel</strong></span> <span class='ocrx_word' id='word_1_49' title='bbox 791 2301 829 2376; x_wconf 94' lang='lat' dir='ltr'><strong>in</strong></span> <span class='ocrx_word' id='word_1_50' title='bbox 845 2304 989 2402; x_wconf 86' lang='lat' dir='ltr'><strong>negotio</strong></span> <span class='ocrx_word' id='word_1_51' title='bbox 1005 2305 1081 2378; x_wconf 85' lang='lat' dir='ltr'><strong>sine</strong></span> <span class='ocrx_word' id='word_1_52' title='bbox 1095 2307 1181 2402; x_wconf 90' lang='lat' dir='ltr'><strong>peri-</strong></span> 
     </span>
     <span class='ocr_line' id='line_1_13' title="bbox 111 2399 1181 2514; baseline 0.002 -39"><span class='ocrx_word' id='word_1_53' title='bbox 111 2399 202 2486; x_wconf 85' lang='lat' dir='ltr'><strong>culo,</strong></span> <span class='ocrx_word' id='word_1_54' title='bbox 227 2400 286 2476; x_wconf 85' lang='lat' dir='ltr'><strong>uel</strong></span> <span class='ocrx_word' id='word_1_55' title='bbox 311 2399 448 2474; x_wconf 76' lang='lat' dir='ltr'><strong>iri-otio</strong></span> <span class='ocrx_word' id='word_1_56' title='bbox 472 2427 555 2478; x_wconf 79' lang='lat' dir='ltr'><strong>auin</strong></span> <span class='ocrx_word' id='word_1_57' title='bbox 579 2401 755 2500; x_wconf 81' lang='lat' dir='ltr'><strong>dignitate</strong></span> <span class='ocrx_word' id='word_1_58' title='bbox 776 2425 853 2476; x_wconf 85' lang='lat' dir='ltr'><strong>asse</strong></span> <span class='ocrx_word' id='word_1_59' title='bbox 879 2412 1037 2514; x_wconf 84' lang='lat' dir='ltr'><strong>possent.</strong></span> <span class='ocrx_word' id='word_1_60' title='bbox 1087 2404 1103 2452; x_wconf 88' lang='lat'>¹</span> <span class='ocrx_word' id='word_1_61' title='bbox 1127 2401 1181 2478; x_wconf 78' lang='lat' dir='ltr'><strong>Aa</strong></span> 
     </span>
     <span class='ocr_line' id='line_1_14' title="bbox 111 2499 1181 2600; baseline 0 -26"><span class='ocrx_word' id='word_1_62' title='bbox 111 2501 178 2574; x_wconf 79' lang='lat' dir='ltr'><strong>luit</strong></span> <span class='ocrx_word' id='word_1_63' title='bbox 195 2509 333 2598; x_wconf 82' lang='lat' dir='ltr'><strong>tempus</strong></span> <span class='ocrx_word' id='word_1_64' title='bbox 350 2499 449 2582; x_wconf 88' lang='lat' dir='ltr'><strong>iliud,</strong></span> <span class='ocrx_word' id='word_1_65' title='bbox 460 2501 542 2575; x_wconf 82' lang='lat' dir='ltr'><strong>oiim</strong></span> <span class='ocrx_word' id='word_1_66' title='bbox 558 2501 641 2575; x_wconf 85' lang='lat' dir='ltr'><strong>mihi</strong></span> <span class='ocrx_word' id='word_1_67' title='bbox 657 2524 797 2598; x_wconf 89' lang='lat' dir='ltr'><strong>quoque</strong></span> <span class='ocrx_word' id='word_1_68' title='bbox 812 2501 952 2576; x_wconf 79' lang='lat' dir='ltr'><strong>initium</strong></span> <span class='ocrx_word' id='word_1_69' title='bbox 964 2501 1181 2600; x_wconf 78' lang='lat' dir='ltr'><strong>requiescen-</strong></span> 
     </span>
     <span class='ocr_line' id='line_1_15' title="bbox 112 2598 1182 2768; baseline 0 -96"><span class='ocrx_word' id='word_1_70' title='bbox 112 2598 159 2680; x_wconf 91' lang='lat' dir='ltr'><strong>di,</strong></span> <span class='ocrx_word' id='word_1_71' title='bbox 185 2607 293 2768; x_wconf 70' lang='lat' dir='ltr'><strong>atpue</strong></span> <span class='ocrx_word' id='word_1_72' title='bbox 309 2599 468 2672; x_wconf 88' lang='lat' dir='ltr'><strong>animum</strong></span> <span class='ocrx_word' id='word_1_73' title='bbox 483 2599 530 2672; x_wconf 91' lang='lat' dir='ltr'><strong>ad</strong></span> <span class='ocrx_word' id='word_1_74' title='bbox 543 2600 727 2697; x_wconf 87' lang='lat' dir='ltr'><strong>utriusque</strong></span> <span class='ocrx_word' id='word_1_75' title='bbox 742 2599 904 2672; x_wconf 81' lang='lat' dir='ltr'><strong>nostrtm</strong></span> <span class='ocrx_word' id='word_1_76' title='bbox 920 2601 1095 2698; x_wconf 84' lang='lat' dir='ltr'><strong>praeolara</strong></span> <span class='ocrx_word' id='word_1_77' title='bbox 1111 2609 1182 2672; x_wconf 77' lang='lat' dir='ltr'><strong>ata</strong></span> 
     </span>
     <span class='ocr_line' id='line_1_16' title="bbox 112 2693 1182 2796; baseline 0.003 -29"><span class='ocrx_word' id='word_1_78' title='bbox 112 2695 175 2789; x_wconf 86' lang='lat' dir='ltr'><strong>diu¹</strong></span> <span class='ocrx_word' id='word_1_79' title='bbox 190 2721 228 2768; x_wconf 92' lang='lat' dir='ltr'><strong>re</strong></span> <span class='ocrx_word' id='word_1_80' title='bbox 245 2697 376 2779; x_wconf 90' lang='lat' dir='ltr'><strong>erendi,</strong></span> <span class='ocrx_word' id='word_1_81' title='bbox 398 2697 472 2770; x_wconf 87' lang='lat' dir='ltr'><strong>fore</strong></span> <span class='ocrx_word' id='word_1_82' title='bbox 482 2693 617 2792; x_wconf 89' lang='lat' dir='ltr'><strong>justum</strong></span> <span class='ocrx_word' id='word_1_83' title='bbox 632 2706 670 2770; x_wconf 90' lang='lat' dir='ltr'><strong>et</strong></span> <span class='ocrx_word' id='word_1_84' title='bbox 681 2720 787 2796; x_wconf 86' lang='lat' dir='ltr'><strong>prope</strong></span> <span class='ocrx_word' id='word_1_85' title='bbox 803 2699 848 2770; x_wconf 93' lang='lat' dir='ltr'><strong>ab</strong></span> <span class='ocrx_word' id='word_1_86' title='bbox 864 2697 1024 2770; x_wconf 87' lang='lat' dir='ltr'><strong>omnibus</strong></span> <span class='ocrx_word' id='word_1_87' title='bbox 1041 2711 1182 2770; x_wconf 83' lang='lat' dir='ltr'><strong>conoes-</strong></span> 
     </span>
     <span class='ocr_line' id='line_1_17' title="bbox 112 2793 1183 2879; baseline 0.001 -13"><span class='ocrx_word' id='word_1_88' title='bbox 112 2817 192 2868; x_wconf 82' lang='lat' dir='ltr'><strong>sum</strong></span> <span class='ocrx_word' id='word_1_89' title='bbox 207 2793 411 2879; x_wconf 83' lang='lat' dir='ltr'><strong>arbitrarer3</strong></span> <span class='ocrx_word' id='word_1_90' title='bbox 427 2795 464 2868; x_wconf 87' lang='lat' dir='ltr'><strong>¹si</strong></span> <span class='ocrx_word' id='word_1_91' title='bbox 486 2795 650 2872; x_wconf 86' lang='lat' dir='ltr'><strong>infinitus</strong></span> <span class='ocrx_word' id='word_1_92' title='bbox 677 2795 869 2872; x_wconf 84' lang='lat' dir='ltr'><strong>sorensium</strong></span> <span class='ocrx_word' id='word_1_93' title='bbox 889 2819 1007 2870; x_wconf 85' lang='lat' dir='ltr'><strong>rerum</strong></span> <span class='ocrx_word' id='word_1_94' title='bbox 1023 2793 1123 2870; x_wconf 87' lang='lat' dir='ltr'><strong>labor</strong></span> <span class='ocrx_word' id='word_1_95' title='bbox 1146 2803 1183 2875; x_wconf 82' lang='lat' dir='ltr'><strong>et</strong></span> 
     </span>
     <span class='ocr_line' id='line_1_18' title="bbox 111 2892 1189 2994; baseline 0 -26"><span class='ocrx_word' id='word_1_96' title='bbox 111 2892 313 2982; x_wconf 78' lang='lat' dir='ltr'><strong>ambitionis</strong></span> <span class='ocrx_word' id='word_1_97' title='bbox 334 2895 532 2994; x_wconf 79' lang='lat' dir='ltr'><strong>occupatio,</strong></span> <span class='ocrx_word' id='word_1_98' title='bbox 556 2895 707 2970; x_wconf 78' lang='lat' dir='ltr'><strong>decursu</strong></span> <span class='ocrx_word' id='word_1_99' title='bbox 723 2894 904 2976; x_wconf 71' lang='lat' dir='ltr'><strong>honorans,</strong></span> <span class='ocrx_word' id='word_1_100' title='bbox 929 2894 1044 2968; x_wconf 77' lang='lat' dir='ltr'><strong>etiam</strong></span> <span class='ocrx_word' id='word_1_101' title='bbox 1063 2893 1189 2968; x_wconf 79' lang='lat' dir='ltr'><strong>oetutia</strong></span> 
     </span>
     <span class='ocr_line' id='line_1_19' title="bbox 112 2989 1183 3094; baseline -0.006 -29"><span class='ocrx_word' id='word_1_102' title='bbox 112 2989 209 3065; x_wconf 84' lang='lat' dir='ltr'><strong>flexu</strong></span> <span class='ocrx_word' id='word_1_103' title='bbox 221 2991 449 3066; x_wconf 84' lang='lat' dir='ltr'><strong>constitisset.</strong></span> <span class='ocrx_word' id='word_1_104' title='bbox 499 2994 624 3076; x_wconf 79' lang='lat' dir='ltr'><strong>Quam</strong></span> <span class='ocrx_word' id='word_1_105' title='bbox 653 3017 750 3094; x_wconf 90' lang='lat' dir='ltr'><strong>spem</strong></span> <span class='ocrx_word' id='word_1_106' title='bbox 766 2992 1027 3090; x_wconf 80' lang='lat' dir='ltr'><strong>cogitationum</strong></span> <span class='ocrx_word' id='word_1_107' title='bbox 1042 3003 1081 3063; x_wconf 85' lang='lat' dir='ltr'><strong>at</strong></span> <span class='ocrx_word' id='word_1_108' title='bbox 1101 3013 1183 3061; x_wconf 89' lang='lat' dir='ltr'><strong>oon·</strong></span> 
     </span>
     <span class='ocr_line' id='line_1_20' title="bbox 112 3087 1181 3195; baseline 0.007 -35"><span class='ocrx_word' id='word_1_109' title='bbox 112 3087 270 3188; x_wconf 81' lang='lat' dir='ltr'><strong>siliarum</strong></span> <span class='ocrx_word' id='word_1_110' title='bbox 286 3115 447 3167; x_wconf 83' lang='lat' dir='ltr'><strong>meorum</strong></span> <span class='ocrx_word' id='word_1_111' title='bbox 465 3117 546 3168; x_wconf 89' lang='lat' dir='ltr'><strong>oum</strong></span> <span class='ocrx_word' id='word_1_112' title='bbox 569 3115 692 3188; x_wconf 58' lang='lat' dir='ltr'><strong>grava</strong></span> <span class='ocrx_word' id='word_1_113' title='bbox 714 3091 960 3195; x_wconf 61' lang='lat' dir='ltr'><strong>ammuniunr</strong></span> <span class='ocrx_word' id='word_1_114' title='bbox 977 3097 1181 3178; x_wconf 81' lang='lat' dir='ltr'><strong>temporum,</strong></span> 
     </span>
     <span class='ocr_line' id='line_1_21' title="bbox 112 3180 1181 3280; baseline -0.003 -22"><span class='ocrx_word' id='word_1_115' title='bbox 112 3196 194 3258; x_wconf 82' lang='lat' dir='ltr'><strong>tam</strong></span> <span class='ocrx_word' id='word_1_116' title='bbox 205 3187 291 3262; x_wconf 80' lang='lat' dir='ltr'><strong>varii</strong></span> <span class='ocrx_word' id='word_1_117' title='bbox 307 3189 421 3263; x_wconf 85' lang='lat' dir='ltr'><strong>nostri</strong></span> <span class='ocrx_word' id='word_1_118' title='bbox 437 3213 543 3264; x_wconf 85' lang='lat' dir='ltr'><strong>casus</strong></span> <span class='ocrx_word' id='word_1_119' title='bbox 552 3190 764 3270; x_wconf 81' lang='lat' dir='ltr'><strong>fefellerunt:</strong></span> <span class='ocrx_word' id='word_1_120' title='bbox 789 3211 890 3264; x_wconf 65' lang='lat' dir='ltr'><strong>narn,</strong></span> <span class='ocrx_word' id='word_1_121' title='bbox 924 3207 960 3250; x_wconf 81' lang='lat' dir='ltr'><strong>ur</strong></span> <span class='ocrx_word' id='word_1_122' title='bbox 978 3180 1181 3280; x_wconf 83' lang='lat' dir='ltr'><strong>locusquie-</strong></span> 
     </span>
     <span class='ocr_line' id='line_1_22' title="bbox 112 3275 1181 3380; baseline 0.002 -28"><span class='ocrx_word' id='word_1_123' title='bbox 112 3280 211 3353; x_wconf 85' lang='lat' dir='ltr'><strong>tiset</strong></span> <span class='ocrx_word' id='word_1_124' title='bbox 231 3287 496 3380; x_wconf 79' lang='lat' dir='ltr'><strong>tranquillitatis</strong></span> <span class='ocrx_word' id='word_1_125' title='bbox 525 3286 748 3380; x_wconf 77' lang='lat' dir='ltr'><strong>planissimus</strong></span> <span class='ocrx_word' id='word_1_126' title='bbox 771 3277 844 3352; x_wconf 78' lang='lat' dir='ltr'><strong>inre</strong></span> <span class='ocrx_word' id='word_1_127' title='bbox 868 3275 899 3348; x_wconf 89' lang='lat' dir='ltr'><strong>vi</strong></span> <span class='ocrx_word' id='word_1_128' title='bbox 944 3277 1060 3358; x_wconf 9' lang='lat' dir='ltr'><strong>obsta,</strong></span> <span class='ocrx_word' id='word_1_129' title='bbox 1083 3279 1181 3354; x_wconf 89' lang='lat' dir='ltr'><strong>ineo</strong></span> 
     </span>
     <span class='ocr_line' id='line_1_23' title="bbox 112 3374 1180 3469; baseline -0.003 -15"><span class='ocrx_word' id='word_1_130' title='bbox 112 3377 280 3454; x_wconf 79' lang='lat' dir='ltr'><strong>maximae</strong></span> <span class='ocrx_word' id='word_1_131' title='bbox 305 3381 419 3452; x_wconf 88' lang='lat' dir='ltr'><strong>moles</strong></span> <span class='ocrx_word' id='word_1_132' title='bbox 445 3378 680 3452; x_wconf 85' lang='lat' dir='ltr'><strong>molestiarum</strong></span> <span class='ocrx_word' id='word_1_133' title='bbox 711 3385 749 3450; x_wconf 87' lang='lat' dir='ltr'><strong>et</strong></span> <span class='ocrx_word' id='word_1_134' title='bbox 764 3374 1077 3469; x_wconf 76' lang='lat' dir='ltr'><strong>turbulerrtissirnae¹</strong></span> <span class='ocrx_word' id='word_1_135' title='bbox 1094 3387 1180 3451; x_wconf 87' lang='lat' dir='ltr'><strong>tenr-</strong></span> 
     </span>
     <span class='ocr_line' id='line_1_24' title="bbox 55 3473 1181 3576; baseline -0.002 -28"><span class='ocrx_word' id='word_1_136' title='bbox 55 3546 58 3552; x_wconf 86' lang='grc'><strong>,</strong></span> <span class='ocrx_word' id='word_1_137' title='bbox 114 3483 270 3576; x_wconf 84' lang='lat' dir='ltr'><strong>pestates</strong></span> <span class='ocrx_word' id='word_1_138' title='bbox 285 3473 518 3570; x_wconf 81' lang='lat' dir='ltr'><strong>exstiterunt.</strong></span> <span class='ocrx_word' id='word_1_139' title='bbox 568 3475 693 3572; x_wconf 91' lang='lat' dir='ltr'><strong>Neque</strong></span> <span class='ocrx_word' id='word_1_140' title='bbox 720 3473 802 3558; x_wconf 85' lang='lat' dir='ltr'><strong>verb</strong></span> <span class='ocrx_word' id='word_1_141' title='bbox 831 3473 930 3548; x_wconf 84' lang='lat' dir='ltr'><strong>nobis</strong></span> <span class='ocrx_word' id='word_1_142' title='bbox 962 3473 1181 3570; x_wconf 80' lang='lat' dir='ltr'><strong>cupientibus</strong></span> 
     </span>
     <span class='ocr_line' id='line_1_25' title="bbox 114 3571 1229 3672; baseline 0 -24"><span class='ocrx_word' id='word_1_143' title='bbox 114 3585 223 3672; x_wconf 85' lang='lat' dir='ltr'><strong>atque</strong></span> <span class='ocrx_word' id='word_1_144' title='bbox 238 3572 490 3670; x_wconf 84' lang='lat' dir='ltr'><strong>exoptantibus</strong></span> <span class='ocrx_word' id='word_1_145' title='bbox 513 3571 647 3646; x_wconf 85' lang='lat' dir='ltr'><strong>fructus</strong></span> <span class='ocrx_word' id='word_1_146' title='bbox 664 3573 724 3648; x_wconf 92' lang='lat' dir='ltr'><strong>otii</strong></span> <span class='ocrx_word' id='word_1_147' title='bbox 742 3573 847 3648; x_wconf 85' lang='lat' dir='ltr'><strong>datus</strong></span> <span class='ocrx_word' id='word_1_148' title='bbox 863 3582 917 3645; x_wconf 86' lang='lat' dir='ltr'><strong>est</strong></span> <span class='ocrx_word' id='word_1_149' title='bbox 932 3571 982 3647; x_wconf 89' lang='lat' dir='ltr'><strong>ad</strong></span> <span class='ocrx_word' id='word_1_150' title='bbox 997 3595 1059 3648; x_wconf 84' lang='lat' dir='ltr'><strong>eas</strong></span> <span class='ocrx_word' id='word_1_151' title='bbox 1074 3586 1177 3656; x_wconf 82' lang='lat' dir='ltr'><strong>artes,</strong></span> <span class='ocrx_word' id='word_1_152' title='bbox 1225 3637 1229 3648; x_wconf 80' lang='grc'>.</span> 
     </span>
    </p>
   </div>
   <div class='ocr_carea' id='block_1_8' title="bbox 221 3767 1062 3830">
    <p class='ocr_par' dir='ltr' id='par_1_9' title="bbox 221 3767 1062 3830">
     <span class='ocr_line' id='line_1_26' title="bbox 221 3767 1062 3830; baseline -0.005 0"><span class='ocrx_word' id='word_1_153' title='bbox 221 3768 331 3830; x_wconf 75' lang='lat' dir='ltr'><strong>&#39;Nora</strong></span> <span class='ocrx_word' id='word_1_154' title='bbox 351 3787 395 3828; x_wconf 82' lang='lat' dir='ltr'><strong>nr</strong></span> <span class='ocrx_word' id='word_1_155' title='bbox 415 3769 677 3830; x_wconf 65' lang='lat' dir='ltr'><strong>Eusunrvuorns</strong></span> <span class='ocrx_word' id='word_1_156' title='bbox 696 3786 738 3828; x_wconf 76' lang='lat' dir='ltr'><strong>sn</strong></span> <span class='ocrx_word' id='word_1_157' title='bbox 758 3769 893 3828; x_wconf 82' lang='lat' dir='ltr'><strong>Lranuu</strong></span> <span class='ocrx_word' id='word_1_158' title='bbox 913 3767 1062 3827; x_wconf 72' lang='lat' dir='ltr'><strong>Parnon.</strong></span> 
     </span>
    </p>
   </div>
   <div class='ocr_carea' id='block_1_9' title="bbox 116 3913 1213 4308">
    <p class='ocr_par' dir='ltr' id='par_1_10' title="bbox 116 3913 1213 4308">
     <span class='ocr_line' id='line_1_27' title="bbox 161 3913 1183 3986; baseline 0.003 -15"><span class='ocrx_word' id='word_1_159' title='bbox 161 3923 177 3971; x_wconf 75' lang='lat' dir='ltr'><strong>l</strong></span> <span class='ocrx_word' id='word_1_160' title='bbox 199 3915 243 3972; x_wconf 76' lang='lat' dir='ltr'><strong>Ac</strong></span> <span class='ocrx_word' id='word_1_161' title='bbox 257 3917 321 3984; x_wconf 72' lang='lat' dir='ltr'><strong>sair</strong></span> <span class='ocrx_word' id='word_1_162' title='bbox 340 3924 452 3986; x_wconf 69' lang='lat' dir='ltr'><strong>tempus</strong></span> <span class='ocrx_word' id='word_1_163' title='bbox 471 3914 553 3985; x_wconf 81' lang='lat' dir='ltr'><strong>illud,</strong></span> <span class='ocrx_word' id='word_1_164' title='bbox 569 3916 639 3974; x_wconf 51' lang='lat' dir='ltr'><strong>¹calm</strong></span> <span class='ocrx_word' id='word_1_165' title='bbox 663 3916 796 3978; x_wconf 86' lang='lat' dir='ltr'><strong>Multum</strong></span> <span class='ocrx_word' id='word_1_166' title='bbox 816 3913 866 3973; x_wconf 84' lang='lat' dir='ltr'><strong>hic</strong></span> <span class='ocrx_word' id='word_1_167' title='bbox 890 3913 1017 3973; x_wconf 80' lang='lat' dir='ltr'><strong>interae</strong></span> <span class='ocrx_word' id='word_1_168' title='bbox 1041 3913 1183 3974; x_wconf 82' lang='lat' dir='ltr'><strong>dissident</strong></span> 
     </span>
     <span class='ocr_line' id='line_1_28' title="bbox 116 3991 1213 4074; baseline -0.002 -20"><span class='ocrx_word' id='word_1_169' title='bbox 116 3995 214 4066; x_wconf 54' lang='lat' dir='ltr'><strong>Mser„</strong></span> <span class='ocrx_word' id='word_1_170' title='bbox 233 4005 406 4074; x_wconf 68' lang='lat' dir='ltr'><strong>veteresque</strong></span> <span class='ocrx_word' id='word_1_171' title='bbox 424 3999 488 4058; x_wconf 86' lang='lat' dir='ltr'><strong>cod.</strong></span> <span class='ocrx_word' id='word_1_172' title='bbox 509 3993 663 4073; x_wconf 77' lang='lat' dir='ltr'><strong>impressi:</strong></span> <span class='ocrx_word' id='word_1_173' title='bbox 683 4013 787 4056; x_wconf 85' lang='lat' dir='ltr'><strong>omnes</strong></span> <span class='ocrx_word' id='word_1_174' title='bbox 813 4012 917 4058; x_wconf 75' lang='lat' dir='ltr'><strong>vocem</strong></span> <span class='ocrx_word' id='word_1_175' title='bbox 937 3997 1012 4062; x_wconf 69' lang='lat' dir='ltr'><strong>iilud</strong></span> <span class='ocrx_word' id='word_1_176' title='bbox 1033 3991 1189 4062; x_wconf 27' lang='lat' dir='ltr'><strong>emittimur</strong></span> <span class='ocrx_word' id='word_1_177' title='bbox 1209 4045 1213 4052; x_wconf 76' lang='grc'>,</span> 
     </span>
     <span class='ocr_line' id='line_1_29' title="bbox 116 4069 1178 4152; baseline -0.006 -18"><span class='ocrx_word' id='word_1_178' title='bbox 116 4075 251 4152; x_wconf 78' lang='lat' dir='ltr'><strong>plerique</strong></span> <span class='ocrx_word' id='word_1_179' title='bbox 264 4083 396 4144; x_wconf 65' lang='lat' dir='ltr'><strong>termus:</strong></span> <span class='ocrx_word' id='word_1_180' title='bbox 417 4087 448 4135; x_wconf 80' lang='lat' dir='ltr'><strong>at</strong></span> <span class='ocrx_word' id='word_1_181' title='bbox 466 4088 565 4136; x_wconf 84' lang='lat' dir='ltr'><strong>tame-n</strong></span> <span class='ocrx_word' id='word_1_182' title='bbox 582 4094 640 4134; x_wconf 84' lang='lat' dir='ltr'><strong>nou</strong></span> <span class='ocrx_word' id='word_1_183' title='bbox 659 4073 743 4135; x_wconf 78' lang='lat' dir='ltr'><strong>aliter</strong></span> <span class='ocrx_word' id='word_1_184' title='bbox 762 4079 879 4141; x_wconf 86' lang='lat' dir='ltr'><strong>locutus</strong></span> <span class='ocrx_word' id='word_1_185' title='bbox 894 4085 941 4134; x_wconf 86' lang='lat' dir='ltr'><strong>est</strong></span> <span class='ocrx_word' id='word_1_186' title='bbox 956 4071 1060 4134; x_wconf 84' lang='lat' dir='ltr'><strong>Cicero</strong></span> <span class='ocrx_word' id='word_1_187' title='bbox 1073 4071 1102 4128; x_wconf 90' lang='lat' dir='ltr'><strong>in</strong></span> <span class='ocrx_word' id='word_1_188' title='bbox 1122 4069 1178 4150; x_wconf 77' lang='lat' dir='ltr'><strong>Or.</strong></span> 
     </span>
     <span class='ocr_line' id='line_1_30' title="bbox 117 4153 1179 4228; baseline -0.008 -15"><span class='ocrx_word' id='word_1_189' title='bbox 117 4153 251 4227; x_wconf 80' lang='lat' dir='ltr'><strong>proMil.</strong></span> <span class='ocrx_word' id='word_1_190' title='bbox 271 4173 299 4212; x_wconf 85' lang='lat' dir='ltr'><strong>e.</strong></span> <span class='ocrx_word' id='word_1_191' title='bbox 324 4157 373 4211; x_wconf 73' lang='lat'><strong>26.</strong></span> <span class='ocrx_word' id='word_1_192' title='bbox 390 4155 470 4226; x_wconf 73' lang='lat' dir='ltr'><strong>Erit,</strong></span> <span class='ocrx_word' id='word_1_193' title='bbox 495 4159 551 4213; x_wconf 77' lang='lat' dir='ltr'><strong>erit</strong></span> <span class='ocrx_word' id='word_1_194' title='bbox 576 4153 648 4214; x_wconf 85' lang='lat' dir='ltr'><strong>illud</strong></span> <span class='ocrx_word' id='word_1_195' title='bbox 661 4155 795 4226; x_wconf 65' lang='lat' dir='ltr'><strong>proferro</strong></span> <span class='ocrx_word' id='word_1_196' title='bbox 822 4169 948 4228; x_wconf 82' lang='lat' dir='ltr'><strong>tempus,</strong></span> <span class='ocrx_word' id='word_1_197' title='bbox 974 4161 1004 4208; x_wconf 68' lang='lat' dir='ltr'><strong>ec·</strong></span> <span class='ocrx_word' id='word_1_198' title='bbox 1034 4154 1179 4208; x_wconf 73' lang='lat' dir='ltr'><strong>illucescet</strong></span> 
     </span>
     <span class='ocr_line' id='line_1_31' title="bbox 118 4234 988 4308; baseline -0.006 -18"><span class='ocrx_word' id='word_1_199' title='bbox 118 4234 167 4301; x_wconf 71' lang='lat' dir='ltr'><strong>ille</strong></span> <span class='ocrx_word' id='word_1_200' title='bbox 181 4235 252 4304; x_wconf 83' lang='lat' dir='ltr'><strong>dies,</strong></span> <span class='ocrx_word' id='word_1_201' title='bbox 265 4234 327 4292; x_wconf 79' lang='lat' dir='ltr'><strong>crim</strong></span> <span class='ocrx_word' id='word_1_202' title='bbox 342 4245 374 4292; x_wconf 83' lang='lat' dir='ltr'><strong>tu</strong></span> <span class='ocrx_word' id='word_1_203' title='bbox 388 4237 574 4306; x_wconf 71' lang='lat' dir='ltr'><strong>salutaribus,</strong></span> <span class='ocrx_word' id='word_1_204' title='bbox 597 4246 631 4290; x_wconf 82' lang='lat' dir='ltr'><strong>ut</strong></span> <span class='ocrx_word' id='word_1_205' title='bbox 643 4246 737 4308; x_wconf 66' lang='lat' dir='ltr'><strong>altero,</strong></span> <span class='ocrx_word' id='word_1_206' title='bbox 750 4238 837 4292; x_wconf 80' lang='lat' dir='ltr'><strong>rebus</strong></span> <span class='ocrx_word' id='word_1_207' title='bbox 852 4236 920 4302; x_wconf 81' lang='lat' dir='ltr'><strong>tuis,</strong></span> <span class='ocrx_word' id='word_1_208' title='bbox 934 4241 988 4292; x_wconf 78' lang='lat' dir='ltr'><strong>etc.</strong></span> 
     </span>
    </p>
   </div>
   <div class='ocr_carea' id='block_1_10' title="bbox 602 4312 632 4384">
    <p class='ocr_par' dir='ltr' id='par_1_11' title="bbox 602 4312 632 4384">
     <span class='ocr_line' id='line_1_32' title="bbox 602 4312 632 4384; baseline 0 0"><span class='ocrx_word' id='word_1_209' title='bbox 602 4312 632 4384; x_wconf 89' lang='lat' dir='ltr'><strong>B</strong></span> 
     </span>
    </p>
   </div>
   <div class='ocr_carea' id='block_1_11' title="bbox 0 0 1445 5016">
    <p class='ocr_par' dir='ltr' id='par_1_12' title="bbox 0 0 1445 5016">
     <span class='ocr_line' id='line_1_33' title="bbox 0 0 1445 5016; baseline 0 0"><span class='ocrx_word' id='word_1_210' title='bbox 0 0 1445 5016; x_wconf 95' lang='lat' dir='ltr'><strong> </strong></span> 
     </span>
    </p>
   </div>
  </div>
 </body>
</html>
