2830 5014
255 363 309 420 lto
679 355 738 418 DE
757 349 962 424 ORATORE

248 501 432 608 queritur)
444 501 658 604 turpitudine
671 513 709 582 et
732 506 953 584 deformitate
973 503 1355 604 quadam-eontinetur:

250 605 330 680 lroee
351 601 447 678 enim
462 604 620 680 ridentur
638 605 691 678 vel
715 607 798 685 sola,
822 605 876 678 vel
890 605 1052 686 mxime,
1067 628 1150 704 ‘1¹¹ae
1183 614 1306 680 notant
1320 613 1355 676 et

246 701 429 802 designant
440 702 692 800 turpitudinem
702 705 850 802 aliquam
861 728 937 778 non
948 703 1112 800 turpiter.
1162 703 1355 781 Errantem,

248 809 293 876 ut
305 799 349 874 ad
365 800 454 876 illud
481 801 623 880 tertium
639 803 784 881 veniam,
803 816 856 874 eat
880 801 984 898 plant
1009 802 1150 877 oratoria
1168 825 1305 876 movere
1318 801 1356 872 ri-

247 923 347 984 sum3
370 900 425 974 vel
442 897 539 998 quod
554 899 625 998 ipsa
648 900 796 978 hilaritas
823 898 1100 974 benevolentiam
1127 901 1292 974 oonsiliat
1317 898 1355 978 ei,

246 1021 309 1094 per
319 1021 425 1096 quem
441 997 591 1076 excitata
602 1009 657 1072 est
673 1029 684 1086 3
699 999 762 1074 ¹vel
787 995 886 1096 quod
900 996 1114 1074 admirantur
1141 1022 1266 1071 omnes
1283 1021 1356 1072 uou-

246 1119 331 1170 men
348 1119 422 1168 uno
433 1121 532 1192 saepe
558 1095 596 1170 in
621 1100 725 1172 verbo
748 1099 912 1194 positum,
938 1097 1087 1174 maxime
1107 1096 1357 1194 respondentis,

247 1215 520 1292 nonnumquam
543 1194 647 1268 etiam
673 1195 902 1278 lacessentis3
926 1197 982 1270 vel
1020 1194 1095 1270 udd
1111 1193 1238 1292 frangit
1251 1194 1359 1268 adver·

247 1291 385 1374 aerium,
400 1291 500 1388 quod
514 1290 672 1387 impedit,
697 1289 931 1388 quodelevat‚
954 1295 1054 1388 quod
1075 1293 1242 1374 deterret,
1266 1289 1361 1389 quod

246 1389 401 1476 relutat3
424 1390 480 1464 vel
521 1387 597 1464 uod
609 1387 722 1488 ipsum
733 1398 911 1464 oratorem
927 1389 1078 1487 politum
1094 1415 1172 1466 esse
1184 1391 1359 1464 hominem

243 1486 434 1588 significat,
459 1513 509 1584 qu
534 1486 559 1562 d
584 1487 768 1570 eruditmn,
784 1485 883 1585 quod
910 1488 1109 1574 urbanum3
1143 1488 1362 1587 maximeque

246 1583 528 1684 quddtristitiam
537 1611 578 1660 so
588 1585 804 1660 severitarem
816 1584 949 1684 mitigat
960 1587 1150 1668 erraterrat,
1159 1587 1364 1682 odiosasque

245 1708 302 1758 ree
317 1707 425 1796 supe,
440 1710 526 1783 quas
540 1685 753 1784 argumentis
769 1683 856 1760 dilui
883 1709 958 1763 non
972 1685 1073 1764 fenile.
1097 1695 1161 1766 est,
1172 1684 1252 1780 joeo
1279 1684 1367 1756 risu·

246 1807 317 1880 que
343 1782 509 1860 dissolvit.
557 1784 750 1868 Quatenus
776 1791 896 1856 autem
920 1783 993 1856 sint
1016 1783 1161 1859 ridicula
1189 1782 1364 1864 tractanda

244 1880 382 1963 oratori,
446 1907 567 1980 rquam
597 1881 786 2052 diligenter
812 1879 1011 1957 videndum
1029 1879 1114 1960 est?¹
1146 1879 1183 1952 id
1205 1879 1312 1990 quod
1327 1879 1359 1990 in

246 1988 371 2074 qmrto
411 2004 477 2052 ooo
508 2003 656 2077 quaeren
682 1981 689 1994 '
719 2003 965 2075 posueramus:
1003 2003 1086 2054 nam
1118 2003 1197 2053 nee
1216 2001 1359 2074 insigms

245 2071 446 2172 improbitas
457 2085 493 2149 et
506 2076 627 2150 sceleri
638 2076 762 2172 juncti,
775 2101 841 2148 neo
857 2100 977 2150 rursus
991 2076 1126 2150 miseria
1141 2073 1291 2172 insignis
1302 2073 1359 2172 agl

244 2181 319 2248 tata
332 2171 483 2254 ridetur:
507 2172 744 2250 8facinorosos
768 2173 865 2248 enim
890 2173 1007 2271 majori
1034 2177 1184 2272 quadam
1199 2175 1243 2256 vi,
1260 2178 1359 2274 quam
1390 2263 1391 2268 η

245 2272 392 2358 ridiculi,
408 2272 578 2352 vulnerari
590 2275 737 2360 volunt3
759 2271 902 2348 miserm
925 2272 1027 2348 illudi
1042 2275 1184 2357 nolunt,
1197 2273 1268 2348 nisi
1285 2275 1312 2348 si
1327 2296 1358 2346 se
1390 2281 1391 2374 l

239 2371 338 2446 ‚forte
351 2374 497 2470 jactant.
528 2371 767 2448 Parcendum
783 2381 838 2447 est
854 2381 974 2446 autem
991 2372 1142 2450 maxime
1159 2372 1291 2448 caritati
1305 2373 1357 2446 ho·
1390 2389 1391 2466 l

67 2497 75 2508 ·
128 2503 135 2516 =
186 2503 191 2519 ·
242 2466 389 2550 minum,
407 2495 455 2542 ne
470 2480 602 2542 temere
618 2469 655 2542 iu
668 2493 727 2541 eos
738 2469 845 2550 dieas,
860 2471 922 2566 qui
939 2471 1158 2568 diliguntur..

144 2567 149 2576 '
192 2570 219 2577 “”
292 2565 401 2641 LIX.
417 2564 516 2640 Haeo
529 2566 635 2666 igitur
648 2565 1119 2665 adhibendaestprimirmin
1129 2555 1358 2670 jdcandomo-

243 2662 399 2740 deratio:
424 2665 541 2763 itaque
556 2690 597 2738 ea
618 2663 783 2738 facillime
814 2664 998 2751 luduntur,
1024 2691 1108 2767 quoe
1136 2695 1255 2768 neque
1286 2670 1358 2744 odio

242 2785 382 2859 magno,
394 2789 460 2838 nec
471 2761 703 2840 misericordia
711 2763 861 2838 maxima
872 2764 1077 2864 dignasunt.
1126 2769 1358 2852 Quamobrem
1389 2805 1390 2826 κ

241 2861 406 2936 materies
419 2863 533 2938 omnis
548 2861 773 2938 ridiculorum
790 2870 845 2938 est
861 2862 898 2937 in
914 2865 990 2938 istis
1007 2863 1109 2944 vitiis,
1126 2889 1209 2960 quae
1225 2867 1359 2942 suntin

243 2960 316 3033 vita
331 2959 514 3034 hominum
530 2985 647 3058 neque
679 2985 848 3043 carorum,
865 2985 982 3058 neque
998 2960 1291 3049 calamitosorum·
1309 2990 1359 3039 ne·

241 3083 312 3158 que
329 3083 461 3141 eorum,
476 3060 537 3156 qui
551 3063 597 3134 ob
618 3057 758 3134 fucinus
774 3060 818 3131 ad
833 3057 1043 3158 supplicium
1058 3058 1215 3157 rapiendi
1246 3063 1358 3136 viden·
1388 3083 1389 3090 ’

242 3167 303 3232 tur
313 3187 325 3243 ;
349 3183 459 3256 euque
476 3157 567 3233 belle
584 3158 710 3256 agitata
733 3157 903 3232 ridentur.
952 3157 1003 3231 Et
1016 3157 1119 3232 etiarn
1134 3156 1356 3236 deformitatis

243 3264 283 3327 et
298 3257 451 3352 eorporis
462 3256 625 3330 vitiorum
634 3254 717 3330 satis
726 3257 815 3330 bella
822 3255 1039 3332 materiessd
1044 3257 1247 3354 jocandum.
1274 3317 1278 3326 .
1296 3258 1356 3332 Sed

241 3351 436 3450 quaerimus
446 3354 649 3466 idem‚qu0d
660 3355 699 3428 in
710 3357 812 3428 rebus
822 3354 1119 3431 oaeterismaximd
1131 3357 1355 3452 quaerendum

240 3461 319 3538 est;
342 3453 546 3536 Quatenus:
563 3477 602 3524 m
614 3476 687 3549 quo
696 3475 772 3525 non
781 3451 887 3528 modo
901 3453 986 3528 illud
997 3454 1211 3552 praecipitur,
1223 3454 1355 3554 nequid

242 3547 392 3632 insulae,
410 3548 602 3631 sedetiam,
618 3549 648 3621 si
664 3549 751 3646 quid
766 3551 972 3648 perridicule
997 3545 1118 3650 possis.
1157 3553 1355 3628 'Vitandum

240 3657 297 3720 est
313 3647 439 3722 oratori
456 3656 661 3744 utrumque,
676 3660 806 3722 neaut
822 3649 973 3724 scurrilis
985 3651 1088 3748 jocus
1104 3649 1162 3729 sit,
1179 3662 1241 3726 aut
1254 3650 1354 3726 mimi·
1387 3741 1388 3746 Ἰ

240 3767 305 3818 cus
322 3771 339 3816 :.
355 3769 438 3843 quae
454 3745 650 3844 cujusmodi
666 3744 748 3827 sint,
773 3747 908 3822 facilius
919 3750 991 3844 jam
1008 3748 1256 3845 intelligemus,
1281 3748 1354 3824 oiim
1387 3757 1388 3814 t

239 3841 288 3916 ud
305 3840 378 3940 ipsa
392 3843 616 3920 ridiculorum
630 3868 764 3942 genere
778 3846 988 3920 venerimus.
1038 3848 1125 3920 Duo
1150 3849 1247 3922 enim
1274 3855 1354 3921 sunt

287 3963 370 4016 nera
384 3940 597 4026 facetiarum,
635 3967 776 4026 wuorum
792 3944 940 4019 alterurn
957 3969 995 4016 re
1011 3952 1191 4027 tractatur,
1215 3948 1353 4020 alterum

240 3965 347 4118 dieto.
396 4039 461 4120 tte,
485 4038 513 4112 si
526 3969 673 4149 quaudo
688 4041 783 4140 quid,
804 4049 979 4140 tamquam
995 4041 1262 4141 aliquafabella,
1287 4067 1355 4118 nar·

239 4219 357 4276 suma
364 4239 378 4285 ,-
397 4235 543 4294 nusquam
557 4218 640 4280 enirn
653 4218 780 4282 memini
792 4217 868 4281 milri
880 4221 1048 4288 occurrisse
1061 4242 1168 4286 vocem
1187 4225 1269 4298 quari
1282 4229 1353 4298 post·

238 4297 367 4373 positam
382 4299 412 4358 ei
426 4297 500 4370 voci,
515 4301 651 4377 adquam
662 4299 793 4376 respicit.
1386 4355 1387 4368 ,

282 4376 616 4456 8Vulgd,sacinoroaoa
634 4377 753 4460 majori]
773 4377 857 4442 MSti
870 4383 952 4444 Cant.
968 4381 1052 4442 Norf.
1068 4383 1140 4442 Bod.
1163 4381 1253 4456 Wag.
1275 4378 1351 4438 Harl·
1386 4377 1387 4392 *

241 4459 268 4511 2.
282 4465 313 4513 et
334 4457 416 4533 Mag.
430 4457 504 4518 item
517 4461 590 4519 Asc.
614 4471 645 4519 et
658 4459 762 4519 Lamb·
777 4471 808 4519 et
828 4461 931 4540 Steph.
950 4463 1066 4532 habent,
1078 4463 1264 4534 facinorosus
1278 4455 1353 4523 enim

238 4535 352 4612 aujort,
365 4549 422 4599 etc.
436 4550 468 4599 et
479 4538 732 4617 particulaistaad
745 4557 866 4628 sensum
880 4541 1044 4612 necessaria
1057 4539 1181 4610 videtur·
1221 4533 1224 4542 ’
