2882 5012
205 345 263 406 m
636 345 694 410 DE
713 345 918 410 ORATORE

207 513 367 566 sermone
399 495 581 566 tractatur:
616 493 745 570 deinde
776 496 960 571 dubitatio:
995 499 1072 570 tum
1102 489 1337 568 distributim

209 599 284 674 tum
302 591 470 663 correctio
484 591 539 664 vcl
551 601 634 680 ¹unte
648 596 703 667 vcl
717 605 797 692 post
812 597 920 706 quim
936 591 1076 676 dixeris,
1100 593 1151 664 vel
1168 591 1251 666 etim
1270 589 1342 663 ati-

210 685 295 784 quid
309 688 329 759 ὲ
342 696 378 759 te
395 687 471 786 ipso
486 690 634 786 rejicias:
659 701 885 803 praemonstro
900 700 955 766 est
972 691 1076 770 etiam
1093 691 1139 764 ad
1156 690 1203 773 id,
1228 687 1339 786 quod

207 784 425 884 aggredere:
451 784 520 860 2et
545 789 695 886 trajeotro
719 790 756 862 in
781 790 905 876 alium:
930 789 1213 869 communicatio,
1241 809 1339 884 quae

209 893 267 956 est
279 884 377 981 qnasi
394 909 474 958 oum
491 886 531 969 lis
551 885 644 986 ipsis,
669 888 760 1000 apud
778 912 865 985 quos
881 887 986 970 dicas,
1012 885 1232 964 deliberatio:
1257 909 1343 960 mo

208 983 426 1063 rumacvitae
439 983 593 1067 imitatio,
619 986 674 1058 vel
691 1011 727 1058 rn
739 986 893 1082 personis
904 987 959 1059 vel
973 985 1046 1060 sine
1059 983 1134 1066 illis,
1159 1005 1344 1081 magnum

209 1078 386 1174 quoddam
398 1092 645 1154 ornamentum
664 1085 842 1166 orationis,
866 1095 905 1158 et
915 1093 1036 1182 aptum
1047 1083 1092 1156 ad
1100 1081 1232 1156 anhnos
1246 1105 1346 1156 con·

207 1175 374 1254 ciliandos
385 1178 439 1250 vel
451 1177 615 1264 maxime;
632 1203 727 1277 saepe
741 1192 859 1262 autern
877 1182 978 1262 etiarn
989 1183 1033 1255 ad
1043 1181 1343 1256 commovendos:

208 1297 428 1376 personarum
442 1277 526 1348 licta
542 1274 713 1360 inductio,
737 1279 792 1352 vel
808 1279 1047 1372 gravissimum
1062 1278 1189 1354 lumen
1199 1299 1346 1375 angen*
1366 1357 1369 1362 ,

209 1371 266 1446 di:
291 1371 489 1469 descriptio,
513 1373 633 1449 erroris
658 1373 829 1454 inductio,
853 1373 896 1444 ad
918 1373 1128 1446 hilaritatem
1150 1374 1348 1470 impulsio,

210 1478 294 1544 ante
306 1467 507 1568 occupatio:
531 1479 607 1542 tum
623 1495 694 1567 quo
707 1470 776 1552 illa,
799 1494 881 1572 quoe
899 1470 1208 1551 maximdmovent,
1234 1469 1348 1544 simi·

210 1568 324 1642 litudo
346 1576 381 1650 et
407 1568 627 1664 exemplum:
662 1567 820 1666 digestio,
854 1567 1095 1672 interpellatio,
1132 1568 1348 1646 contentio,

210 1665 403 1756 reticentia,
428 1664 705 1740 commendatio:
725 1665 962 1776 voxquaedam
972 1665 1089 1746 libera,
1104 1673 1207 1760 atque
1221 1665 1346 1742 etiam

212 1762 421 1844 effrenatior,
450 1764 601 1860 augendi
634 1787 776 1848 caussa3
810 1763 997 1842 iracundia,
1025 1763 1226 1870 objurgatio,
1258 1785 1350 1858 pro-x

213 1861 343 1947 missio,
370 1861 576 1959 deprecatio,
601 1862 814 1936 obsecratio:
840 1859 1027 1938 declinatio
1049 1861 1159 1931 brevis
1180 1861 1347 1955 apropo-

212 1957 294 2037 sito,
318 1985 393 2032 non
411 1972 452 2042 ut
469 1960 626 2056 superior
642 1958 906 2056 illadegressio:
933 1956 1099 2056 purgatio,
1125 1955 1344 2043 conciliatio,
1419 2013 1420 2062 p

213 2055 324 2136 laesio,
348 2057 488 2152 optatio,
513 2057 828 2153 atqueexsecratio.
878 2054 950 2128 His
960 2057 1032 2128 fere
1044 2053 1232 2134 luminibus
1243 2054 1342 2142 illus-
1419 2067 1420 2160 t

212 2163 308 2234 trent
325 2153 517 2230 orationem
529 2155 730 2232 sententiae,
1419 2175 1420 2234 l

265 2248 370 2330 LIV.
398 2253 575 2328 Orationis
596 2263 711 2327 autem
736 2253 852 2352 ipsius,
880 2262 1058 2351 tamquam
1075 2276 1261 2340 armorum,
1278 2260 1337 2324 est

215 2349 270 2422 vel
288 2351 334 2424 ad
351 2375 454 2444 usum
478 2351 699 2426 comminatio
720 2361 758 2424 et
773 2353 869 2448 quasi
886 2353 1021 2450 petitio,
1046 2351 1101 2424 vel
1112 2351 1155 2426 ad
1176 2360 1335 2423 venusta·

213 2456 287 2538 terp
306 2448 377 2539 ipsa
394 2449 568 2530 tractatio:
595 2457 728 2518 namet
749 2448 940 2540 geminatio
959 2449 1142 2520 verborum
1160 2446 1263 2522 habet
1283 2447 1339 2519 ine

214 2539 353 2615 terdum
366 2541 444 2621 vim,
456 2541 610 2636 lepbrem
626 2541 722 2612 alias:
738 2553 776 2612 et
800 2543 940 2639 paulum
962 2543 1183 2618 immutatum
1195 2547 1339 2623 verbum

214 2649 322 2735 arque
339 2638 384 2710 de
400 2638 546 2712 flexum:
571 2647 609 2710 ct
624 2638 784 2735 ejusdem
795 2641 887 2712 verbi
904 2641 1025 2714 crebra
1035 2644 1143 2715 tuma
1160 2643 1270 2740 primo
1285 2669 1339 2715 re·

214 2735 350 2838 petitio,
375 2745 451 2810 tum
468 2736 507 2810 in
524 2745 722 2823 extremum
735 2738 925 2826 conversim
934 2750 971 2812 et
981 2739 1019 2812 in
1033 2741 1152 2815 eadem
1165 2741 1339 2822 verbaim:

215 2845 334 2936 pctus,
351 2846 388 2908 ct
416 2835 614 2920 concursio:
640 2847 678 2909 et
692 2835 879 2931 adjunctio,
903 2846 941 2908 et
962 2838 1167 2934 progressio:
1182 2847 1222 2918 et
1246 2839 1340 2934 ejus·¹

215 2932 299 3006 dem
315 2934 407 3009 verbi
417 2933 578 3018 crebriis
591 2933 693 3030 positi
707 2933 868 3030 quoedam
889 2933 1078 3022 distinctio:
1102 2945 1139 3007 ot
1154 2936 1338 3010 revocatio

216 3030 325 3104 uerbi:
351 3044 388 3106 et
404 3031 469 3111 illa,
485 3049 567 3128 quae
585 3031 740 3103 similiter
759 3030 937 3116 desinunt,
954 3043 1016 3106 aut
1031 3055 1114 3129 quoe
1134 3030 1272 3106 cadunt
1284 3033 1341 3105 oi,

217 3128 355 3218 militer,
372 3140 433 3204 aut
447 3152 530 3227 quse
543 3127 678 3226 paribus
694 3125 785 3228 paria
795 3129 1002 3215 referuntur,
1015 3140 1077 3204 aut
1088 3153 1171 3227 quae
1187 3129 1338 3204 suntin.

217 3238 274 3300 ter
290 3250 327 3298 se
341 3227 475 3318 similia:
500 3234 553 3313 est
564 3227 667 3318 etiam
680 3226 834 3324 gradatio
850 3229 1024 3333 quaedam,
1040 3238 1078 3301 et
1092 3227 1280 3310 conversio,
1298 3241 1337 3318 et

215 3325 400 3415 verborum
412 3326 597 3418 concinna,
611 3326 847 3427 transgressio
860 3339 895 3402 et
907 3327 1129 3412 contrarium,
1146 3335 1184 3400 et
1194 3326 1335 3402 dissolu.

92 3539 103 3544 -
218 3487 431 3568 tutandumque
448 3491 694 3563 acommodata-¹
714 3489 753 3548 Et
774 3487 814 3550 ita
827 3491 972 3554 Antonius
986 3493 1052 3552 haec
1076 3489 1136 3550 duo
1155 3488 1335 3566 distinguere

218 3566 345 3638 ridetur,
355 3569 423 3645 clam
438 3571 474 3646 dc
490 3575 599 3636 Crasso
613 3567 652 3638 ait
669 3567 698 3626 in
712 3567 731 3627 i.
749 3577 793 3626 ⁶0.
813 3590 903 3643 neque
916 3569 1006 3638 minis
1022 3579 1077 3638 hcc
1099 3586 1148 3626 rua
1166 3575 1336 3642 gravissimi

217 3653 357 3720 sermonis
370 3646 486 3727 lenitur,
500 3641 583 3730 parim
593 3651 641 3722 illu
656 3667 764 3706 summa
777 3654 825 3720 nis
836 3663 864 3709 et
880 3657 1017 3709 contentio
1025 3655 1177 3722 probatur.
1251 3705 1257 3724 ,1

260 3729 321 3779 2et
335 3727 468 3803 trajectio
490 3737 521 3803 in
534 3733 620 3805 aliurn
631 3725 662 3811 ]
691 3728 795 3804 Vulgo
814 3729 941 3802 rejectio,
960 3733 1011 3790 sed
1025 3739 1219 3810 praecesserat
1242 3727 1338 3805 figura
1372 3795 1375 3802 ‚
1419 3751 1420 3794 t

220 3802 281 3880 ebra
293 3805 402 3876 aliquid
416 3806 472 3888 stre
484 3813 545 3882 apso
559 3810 696 3886 rejicias:
718 3811 833 3886 Sequor
842 3808 933 3886 igitur
947 3809 1115 3880 lectionem,
1128 3827 1217 3884 quam
1227 3826 1288 3883 pree
1304 3829 1338 3878 se
1419 3807 1420 3810 ’

219 3886 321 3946 ferunt
331 3883 472 3943 editiones
484 3885 572 3944 Rawl.
587 3887 666 3958 Vsu.
681 3901 710 3946 et
724 3889 846 3949 Mediol.
860 3907 915 3948 nec
929 3909 985 3948 nou
998 3889 1079 3947 MSti
1093 3888 1174 3946 Joon.
1191 3885 1262 3945 Bod.
1273 3890 1334 3946 Bal.
1419 3939 1420 3962 ,

218 3967 303 4046 Mag.
319 3965 418 4039 Mead.
433 3967 516 4028 nart.
534 3967 603 4040 rluo,
626 3965 711 4048 Noui·
733 3979 764 4027 et
777 3970 854 4028 Nov.
869 3967 919 4044 qui
941 3970 1044 4036 habeut
1058 3967 1211 4046 trajectio:
1232 3967 1339 4042 quibus

220 4045 407 4121 ,consentiunt
421 4063 505 4127 pgpc
515 4047 691 4124 MStissant,
706 4061 737 4106 et
746 4049 836 4124 Wag.
850 4047 901 4128 qui
915 4049 1020 4104 habent
1031 4051 1146 4114 tractio.
1168 4045 1244 4103 Duae
1257 4046 1335 4104 enirn
1419 4063 1420 4074 ¹

181 4127 185 4135 ⁴
218 4143 268 4200 pes
279 4138 356 4196 sunt,
365 4126 491 4202 duaeque
500 4125 604 4203 figuras
616 4125 633 4198 ᾃ
646 4146 676 4183 ee
692 4129 823 4204 rejicere,
838 4139 867 4186 et
876 4129 906 4194 in
920 4131 1005 4196 alium
1016 4127 1150 4200 trajicere
1161 4149 1173 4191 ,·
1193 4124 1265 4182 illud
1279 4124 1336 4199 pri-

218 4223 258 4263 us
272 4205 334 4274 sinc
349 4207 404 4276 hoc
420 4205 484 4274 ficri
496 4217 602 4286 potest·
644 4206 736 4278 Sinin
751 4212 886 4274 Oratore,
906 4226 931 4264 c.
947 4215 994 4268 40.
1010 4220 1041 4263 ut
1055 4207 1123 4265 onte
1142 4209 1337 4280 premuniarp
1419 4235 1420 4284 p

218 4293 251 4352 pr
266 4287 296 4338 r'n
311 4303 340 4351 eu
354 4288 426 4356 ipro,
438 4290 468 4352 in
485 4305 539 4362 quo
553 4285 797 4358 reprehendatur,
810 4292 922 4357 rubrum
933 4291 963 4350 in
975 4284 1176 4346 aduersarium
1189 4281 1337 4342 conferat:
1419 4285 1420 4342 l

220 4361 270 4418 Sic
284 4373 314 4418 et
328 4362 447 4445 Quinct,
461 4365 503 4434 ix'.
515 4373 541 4424 2.
555 4361 626 4436 ciam
640 4365 678 4432 de
694 4363 823 4440 figurisi
839 4367 983 4438 Cicerone
1007 4362 1184 4430 enumeratis
1197 4359 1336 4435 loquitur,
1419 4387 1420 4394 ἒ

146 4440 154 4457 ‘
217 4437 300 4507 dicit,
314 4459 462 4512 rernopere
474 4445 543 4518 ᾲρε,
555 4447 586 4500 in
597 4447 683 4516 alium
704 4442 860 4516 trajicere:
882 4442 933 4517 ubi
947 4449 1036 4520 trabes
1050 4462 1135 4518 voces
1156 4441 1338 4514 rejectiones:

217 4529 250 4592 st
265 4521 461 4594 {rejectionem
474 4525 595 4591 alteram
609 4525 649 4602 ab¹
658 4525 747 4594 altera
758 4521 917 4596 distinctas,
