2854 5016
287 343 327 398 ec
404 322 410 333 “
678 339 738 400 nn
755 337 962 406 curcur:
1034 371 1041 384 «

286 495 513 584 anteponeret
526 489 534 560 i
552 487 632 584 quc
646 489 920 565 nmore'tundern
932 485 1142 570 :nummu
1157 471 1235 563 esse
1246 485 1356 561 debe·

286 609 366 660 mus
383 587 419 658 in
429 586 597 684 ejusmodi
610 587 850 697 pntrisrn,quae
866 587 982 660 unuin
998 585 1159 662 omnibus
1174 584 1274 658 terris
1288 585 1346 661 do·

286 705 366 758 mus
383 695 439 758 est
454 683 602 764 virtutis,
615 685 758 782 imperii,
770 684 978 780 dignitatis?
1002 684 1113 780 Cujus
1126 682 1275 784 primnm
1291 708 1348 754 un-

286 781 461 865 bismens,
476 806 565 864 mos,
581 779 765 877 disciplina
785 793 866 856 nota
879 805 956 854 esse
977 782 1105 868 debet;
1129 782 1182 856 vel
1201 782 1282 877 quia
1297 789 1348 856 est

285 885 394 978 patrio
405 879 891 978 perensomnirunnostrfim;
914 878 1064 976 velquia
1077 888 1220 954 tuntaca
1244 877 1349 954 ientie

280 979 393 1054 trisse
409 981 533 1076 injure
546 977 796 1052 constituendo
812 977 965 1076 putando
976 986 1046 1055 est,
1074 903 1291 1072 quaesiuit
1315 975 1348 1050 in

284 1076 340 1150 his
352 1078 458 1150 tantis
472 1077 594 1173 opibus
609 1075 742 1186 imperii
758 1077 1007 1174 comparandis.
1032 1073 1233 1171 Percipietis
1249 1075 1350 1148 etism
1407 1161 1408 1176 ἢ

283 1175 379 1248 illum
394 1184 432 1247 et
444 1173 647 1270 cognitione
658 1174 750 1270 juris
767 1175 921 1250 laetiticm
938 1185 975 1248 et
989 1175 1216 1270 voluptatem,
1244 1171 1351 1268 quod,

283 1281 461 1374 quantum
482 1271 712 1368 praestiterint
723 1273 836 1348 nostri
849 1273 997 1370 majores
1013 1271 1351 1369 prudentiacaeteris
1406 1321 1408 1366 p

225 1429 231 1442 .
284 1371 459 1470 gentibus,
485 1379 561 1442 tum
583 1367 743 1444 facillime
772 1369 987 1468 intelligetis,
1013 1369 1071 1442 ⁶si
1099 1393 1185 1446 curn
1213 1369 1351 1442 illorum

226 1523 228 1530 -
285 1471 455 1568 Lycurgo
466 1476 504 1540 et
532 1470 695 1540 Dracone
709 1477 750 1541 et
765 1468 895 1542 Solone
910 1481 1050 1544 nostres
1072 1468 1170 1563 leges
1194 1467 1352 1540 conterre

283 1566 482 1641 volueritis:
508 1565 709 1640 incredibile
720 1575 776 1642 est
792 1567 899 1650 enim,
914 1571 1023 1666 quern
1046 1566 1092 1640 sit
1110 1589 1215 1638 omne
1232 1565 1293 1662 jus
1310 1563 1353 1638 ci·

284 1665 365 1747 vile,
382 1665 594 1761 proetenhoc
608 1673 780 1746 nostrum,
806 1665 1028 1743 inconditum
1048 1689 1092 1740 nc
1109 1683 1215 1760 poene
1232 1661 1354 1736 ridicu·

283 1761 381 1838 lum:
407 1764 451 1837 de
466 1785 539 1860 quc
554 1763 664 1838 multe
671 1763 769 1838 soleo
780 1762 819 1839 in
836 1765 1054 1840 sermonibus
1070 1759 1286 1860 quotidianis
1306 1759 1353 1832 di·

282 1887 375 1943 cere,
401 1863 484 1934 cinn
517 1860 702 1936 hominum
731 1869 933 1939 nostrorum
962 1860 1185 1962 prudentiam
1212 1859 1353 1932 caeteris
1402 1849 1408 1994 p

283 1958 457 2036 omnibus,
484 1965 523 2028 et
538 1959 688 2030 maxime
706 1956 856 2040 Graecis,
882 1971 1074 2054 antepono..
1129 1955 1195 2028 His
1223 1979 1292 2052 ego
1314 1955 1354 2028 de
1406 1997 1407 2048 t

211 2093 221 2110 ,
280 2053 415 2128 caussis
429 2053 596 2134 dixeram,
613 2053 782 2132 Scoevola,
801 2052 853 2134 iis,
871 2055 932 2149 qui
950 2051 1095 2149 perfecti
1105 2060 1261 2124 oratores
1278 2077 1354 2126 esse
1406 2071 1407 2132 ξ

283 2152 427 2232 uellent,
438 2149 524 2247 juris
548 2149 657 2225 civilis
668 2148 908 2244 cognitionem
925 2173 1003 2224 esse
1016 2147 1256 2224 necessariam.

332 2249 449 2324 XLV.
473 2249 550 2322 Jam
560 2245 642 2322 vero
656 2248 801 2344 ipseper
817 2273 895 2324 sese
912 2259 1083 2347 quantum
1095 2248 1213 2322 afferat
1226 2247 1282 2332 iis,
1296 2249 1353 2349 qui

284 2350 317 2424 ei
331 2355 502 2447 praesunt,
514 2345 664 2430 honoris,
675 2345 807 2441 gratiae,
817 2347 1006 2444 dignitatis,
1019 2347 1098 2443 quis
1115 2345 1252 2441 ignorat
1266 2347 1282 2442 t
1294 2351 1356 2420 Ita·

281 2470 363 2542 que,
379 2455 420 2516 ut
436 2443 531 2541 apud
548 2443 696 2518 Graecos
709 2443 818 2518 infimi
831 2445 1000 2529 homines,
1016 2442 1218 2520 mercedula
1227 2445 1352 2520 adduc·

280 2543 324 2624 ti,
340 2541 519 2620 ministros
550 2563 588 2614 se
600 2541 773 2638 »prebent
790 2543 830 2618 in
845 2544 984 2641 judiciis
1010 2541 1216 2624 oratoribus,
1242 2543 1277 2625 ii,
1295 2544 1351 2642 qui

281 2639 374 2738 opud
389 2639 466 2712 illos
478 2660 647 2733 emtor
659 2649 852 2728 vocantur3
876 2644 927 2720 sio
945 2645 983 2719 in
995 2652 1113 2716 nostre
1125 2642 1263 2716 civitate
1273 2669 1352 2718 con·

282 2752 334 2813 tra
348 2736 579 2835 amplissimus
594 2738 743 2834 quisque
760 2749 797 2812 et
813 2741 1022 2824 clarissimus
1041 2743 1103 2822 vir,
1133 2751 1172 2815 ut
1193 2741 1264 2824 ille,
1295 2741 1351 2839 qui

281 2847 423 2936 propter
435 2839 525 2910 hanc
532 2836 619 2932 puris
636 2836 743 2908 civilis
760 2836 943 2912 scientiam
961 2839 1247 2935 siceppellatusd
1265 2865 1353 2914 sum·

282 2961 340 3012 mo
351 2943 454 3031 poeta
469 2943 536 3006 est.
544 2953 617 3027 wne

361 3034 493 3106 Egregie
502 3035 632 3088 cordatus
645 3035 722 3090 homo
735 3041 753 3096 7
766 3034 853 3092 Carae
867 3037 947 3092 AEliu
963 3036 1068 3094 Sextus
1082 3055 1094 3100 ‚-

283 3181 357 3253 quid
370 3197 421 3236 nos
439 3189 541 3236 nostro
560 3179 660 3248 patrio
678 3180 822 3238 delector:
842 3179 1086 3260 Insequentibus
1105 3182 1218 3254 Noster
1230 3176 1352 3262 respicit

282 3261 318 3318 ed
330 3277 376 3330 eo,
390 3273 458 3334 quae
471 3260 601 3334 Ulysses
618 3255 691 3316 dicit
703 3257 734 3316 in
747 3260 872 3320 Homeri
886 3261 991 3337 Odyss.
1007 3259 1055 3318 lib.
1069 3283 1096 3322 v.
1109 3267 1176 3324 219.

398 3333 483 3394 'Annii
495 3340 539 3394 nai
554 3335 583 3400 sir
596 3336 672 3407 totto,
685 3333 722 3442 ep}
744 3336 853 3416 ἐέλδομαι
864 3342 944 3419 ir‘poior
957 3338 1038 3402 ccciii&

399 3413 491 3472 ΟΜΝ
503 3419 526 3471 τ’
540 3414 668 3490 ἔλθέμεναι,
681 3435 715 3494 29
731 3420 821 3494 ro'rrpos
835 3419 903 3498 ἦμαρ
916 3417 1015 3479 idiotas.

323 3501 340 3552 6
359 3499 385 3551 oi
398 3512 461 3550 cum
474 3493 595 3552 illorum
616 3492 775 3572 Lycurgo]
804 3501 839 3556 ln
853 3500 950 3577 priore
971 3511 1053 3575 parte
1068 3499 1221 3562 sententie
1243 3501 1348 3562 Cicero

281 3575 397 3635 dixerut
409 3575 661 3644 ceteriogentidne
670 3591 725 3648 pro
739 3587 917 3638 caeterarum
929 3578 1065 3654 gentium
1080 3579 1267 3651 hominibus3
1283 3599 1346 3640 suna

280 3653 372 3730 igitur
390 3649 484 3710 videri
496 3661 593 3727 potest
611 3670 669 3710 vox
682 3657 807 3725 illorum,
820 3659 931 3734 quippe
941 3675 1008 3734 quae
1021 3676 1079 3716 non
1093 3657 1236 3734 respiciat
1251 3663 1287 3719 ad
1300 3679 1346 3719 nc·

279 3749 351 3788 rnen
374 3730 521 3790 foeminini
535 3729 652 3808 generis
674 3738 825 3805 gentibue,
846 3738 898 3795 sed
919 3738 1081 3794 adnomen
1100 3743 1261 3798 hominibus
1276 3741 1304 3799 in
1317 3757 1350 3797 ec

280 3808 518 3870 subintellectum
532 3831 540 3866 ε
563 3812 614 3870 Sic
626 3815 712 3885 paulo
725 3812 800 3872 infre
815 3814 930 3884 dicitur,
941 3815 1004 3874 cim
1019 3821 1162 3876 hominnm
1184 3833 1348 3878 nostrornm

220 3935 226 3946 .
274 3892 460 3960 prudentiam
475 3896 581 3948 caetcrio
597 3895 736 3964 omnibus,
760 3894 922 3954 ecmaximi
940 3897 1062 3968 Grecis,
1074 3910 1227 3970 antepono.
1272 3900 1347 3959 Vide

281 3967 379 4026 simile
393 3968 508 4027 dicendi
520 3989 614 4045 genus
625 3971 656 4030 in
664 3975 757 4032 Tusc.
771 3973 856 4046 Disp.
866 3973 885 4030 i.
901 3981 925 4032 1.
939 3988 970 4034 et
984 3975 1032 4036 De
1044 3976 1142 4038 Ossic.
1153 3979 1172 4038 i.
1185 3987 1233 4036 22.
1402 3953 1405 4020 i

317 4054 333 4104 7
357 4049 447 4105 Coton
467 4053 548 4106 AElic
561 4051 671 4109 Sextus
682 4049 714 4132 ,·]
736 4054 807 4112 Vox
821 4053 911 4110 Cotus
927 4055 1078 4115 scribenda
1092 4073 1137 4118 est
1150 4079 1221 4119 curn
1241 4055 1347 4136 majus·
1404 4077 1405 4158 p

280 4125 348 4186 colet
363 4128 450 4186 litent
464 4127 586 4187 initiali:
607 4151 676 4190 nem
690 4151 857 4210 cognomen
872 4131 927 4192 fuit
951 4135 1036 4196 Sexti
1057 4137 1130 4196 AElii
1142 4138 1216 4206 Cati,
1227 4141 1302 4196 eteb
1315 4154 1347 4194 co
1403 4159 1405 4248 p

280 4208 446 4266 derivatum
471 4207 501 4266 in
515 4209 657 4270 familiam
684 4213 830 4270 Foliorum
858 4213 988 4284 transiit3
1009 4209 1266 4276 uttestaturPlin.
1283 4217 1345 4274 Not.
1404 4257 1405 4270 ,

281 4285 360 4345 Hist.
375 4287 480 4344 vitm.
496 4292 614 4360 reliquie
627 4294 716 4348 animi
729 4295 808 4350 bonis
831 4294 999 4364 jeraeetite‘re
1018 4311 1129 4354 ceteros
1148 4301 1287 4355 mortalen
1306 4313 1347 4352 sa·

274 4369 412 4433 pienum
432 4371 502 4427 odid
515 4370 590 4441 enti,
607 4371 815 4444 Curculiotiud
834 4378 980 4436 Romanos
995 4382 1191 4449 cognominati.
