2808 5020
234 323 272 378 to
636 313 695 378 DF·
713 311 921 380 anatona

232 475 287 540 set
300 461 468 577 imperitis
476 461 670 575 occultius?
695 489 821 586 nempe
842 465 916 562 ejus
932 461 1044 538 omna
1063 461 1171 568 oratio
1184 457 1319 536 uersata

231 573 285 636 est
298 587 335 634 m
350 587 402 644 eo,
420 573 460 636 ut
477 571 644 660 scriptum
658 563 844 660 plurimum
860 563 971 636 valere
982 571 1141 657 oportere
1158 559 1321 634 defende

231 669 296 734 ret.
345 661 392 732 At
405 662 441 734 in
455 662 522 774 hoc
545 685 673 774 genere
688 661 789 758 pueri
806 661 898 770 apud
909 659 1090 754 magistros
1108 670 1318 734 exercentur

230 781 364 840 omnes,
396 761 480 833 crim
505 784 542 832 rn
566 758 732 856 ejusmodi
750 781 881 831 caussis
913 757 997 828 aliis
1024 757 1203 853 scriptum,
1235 758 1326 830 aliis·

230 859 433 955 aeqnitatem
450 857 638 932 defendere
652 857 832 929 docentur.
882 857 943 935 Et,
960 855 1076 935 credo,
1103 855 1141 927 in
1154 856 1216 930 illa
1233 855 1320 928 mili·

229 956 274 1028 tis
289 981 424 1039 caussa,
436 957 463 1029 si
481 967 521 1028 tu
534 965 595 1030 aut
611 955 775 1028 heredem
792 963 853 1028 aut
865 953 1011 1026 militem
1027 952 1260 1035 defendisses,
1276 953 1321 1026 ad

230 1051 445 1128 Hostilianas
461 1064 496 1127 te
524 1054 692 1136 actiones,
718 1079 793 1126 non
809 1052 855 1124 ad
870 1061 964 1124 tuam
986 1049 1055 1123 rim
1071 1047 1117 1123 ⁴et
1135 1051 1322 1124 oratoriam

229 1151 429 1226 facultatem
445 1153 676 1226 contulisses:
701 1162 742 1224 tu
765 1149 847 1223 verb
865 1151 930 1233 vel,
952 1149 981 1222 si
1003 1157 1252 1222 testamentum
1265 1151 1326 1221 de·

229 1249 403 1330 tenderes,
417 1251 466 1322 sic
480 1273 609 1346 ageres,
626 1261 665 1322 ut
678 1274 782 1322 omne
794 1248 952 1322 omnium
962 1249 1253 1322 testamentorum
1265 1249 1325 1344 jus

229 1347 268 1422 in
283 1373 326 1420 eo
337 1347 468 1443 judicio
499 1348 647 1446 positum
673 1346 863 1419 videretur:
888 1348 954 1428 vel,
986 1345 1015 1418 si
1028 1369 1183 1419 caussam
1200 1369 1324 1442 ageres

231 1445 361 1527 militis,
376 1455 509 1544 patrem
523 1448 609 1543 ejus,
624 1453 666 1518 ut
682 1446 783 1527 soles,
801 1444 953 1517 dicendo
970 1447 990 1516 i
1013 1443 1161 1517 mortuis
1178 1443 1325 1518 errcitas

231 1567 289 1618 aas
303 1573 312 1630 3
325 1545 502 1618 statuisses
516 1556 598 1618 ante
615 1544 736 1621 oculos
751 1569 761 1626 ;
777 1542 980 1640 complexus
991 1551 1081 1614 esset
1093 1543 1214 1624 lilium,
1223 1543 1326 1616 flens-

230 1665 300 1739 que
316 1667 397 1717 eum
406 1643 635 1717 centumviris
647 1641 946 1727 commendasset;
969 1640 1098 1739 lapides
1122 1641 1335 1738 mehercule

229 1763 351 1816 omnes
363 1743 446 1816 flere
459 1767 499 1816 ac
508 1741 689 1816 lamentari
699 1741 885 1836 coegisset,
898 1749 940 1812 ut
955 1749 1070 1812 totum
1085 1739 1183 1820 illud,
1201 1742 1252 1811 uti
1262 1740 1329 1812 lin·
1395 1801 1396 1804 ,

224 1864 304 1932 gua
319 1841 550 1936 nrrnmrpurset
562 1865 642 1914 non
659 1839 881 1914 induodecim
905 1839 1041 1919 tabulis,
1057 1861 1143 1935 quas
1159 1836 1203 1908 tu
1216 1836 1327 1908 omni-

228 1937 294 2008 bus
306 1939 520 2011 bibliothecis
531 1938 727 2034 anteponis,
742 1939 804 2010 sed
819 1937 857 2009 in
872 1935 1052 2032 ⁹magistri
1062 1933 1211 2008 carmine
1222 1929 1329 2034 scrip·

227 2041 303 2106 tum
314 2033 499 2106 videretur.
861 2042 864 2050 '
1251 2053 1255 2065 ’
1327 2051 1331 2060 “

159 2151 162 2162 ·
279 2129 430 2204 LVIII.
457 2131 549 2205 Nam
564 2129 664 2228 qubd
680 2121 865 2204 ¹inerriam
883 2153 1024 2204 accusas
1034 2127 1336 2226 adolescentium

228 2229 291 2330 qui
302 2227 402 2304 istam
415 2243 526 2305 artem
542 2229 690 2329 primlrm
701 2227 894 2303 facillimam
907 2227 1170 2312 nonediscant3
1198 2227 1326 2326 (²quae
1395 2259 1396 2294 3

229 2334 338 2427 quim
351 2329 407 2400 'sit
431 2330 549 2410 fa'cilis,
581 2329 630 2402 illi
652 2327 810 2407 uiderint,
840 2327 901 2424 qui
917 2328 991 2424 ejus
1021 2327 1101 2400 artis
1119 2328 1325 2425 arrogantia,
1351 2389 1354 2394 .

229 2426 328 2524 quasi
338 2426 540 2499 difficillima
555 2426 609 2507 sit,
621 2427 667 2497 ita
683 2424 821 2498 subnixi
838 2426 1041 2500 ambulant:
1073 2425 1201 2500 deinde
1215 2426 1326 2500 etiam

228 2533 271 2596 tu
287 2523 359 2620 ipse
375 2522 510 2604 videris,
538 2524 599 2624 qui
615 2547 691 2596 earn
706 2532 819 2598 artem
843 2523 980 2599 facilem
1008 2548 1082 2599 esse
1098 2523 1195 2605 dicis,
1220 2549 1325 2624 quam
1394 2569 1395 2632 ἦ

228 2621 396 2696 concedis
411 2621 523 2696 adhuc
538 2633 651 2696 artem
671 2619 815 2696 omnino
836 2647 910 2696 non
937 2647 1025 2704 esse,
1041 2623 1103 2696 sed
1126 2623 1326 2722 aliquando,

229 2719 338 2818 siquis
353 2720 453 2794 aliam
465 2731 574 2795 artem
589 2720 759 2802 didicerit,
776 2717 920 2796 uthans
936 2733 1044 2798 artem
1054 2723 1189 2796 efficere
1201 2722 1325 2820 possit,

229 2827 393 2894 tumesse
416 2819 511 2894 illam
523 2831 638 2894 artem
650 2820 844 2912 futuram);
868 2821 1008 2901 deinde,
1024 2819 1124 2918 qubd
1140 2821 1185 2891 sit
1237 2823 1326 2894 lena
1393 2833 1394 2870 ³

228 2918 479 3016 delectationis,
496 2920 534 2992 in
551 2943 618 3016 qua
636 2918 697 2990 tibi
712 2917 897 3020 remittunt
914 2942 1036 2990 omnes
1048 2919 1152 2994 istam
1169 2941 1191 2988 v
1227 2929 1342 3015 upta·v

228 3027 313 3098 tem,
330 3024 366 3088 et
379 3041 419 3089 ea
435 3036 472 3090 se
490 3041 606 3090 carere
628 3015 816 3114 patiuntur,
833 3040 901 3088 nec
918 3015 1105 3114 quisquam
1120 3024 1175 3087 est
1190 3037 1324 3098 eorum,

231 3118 303 3212 qui,
323 3115 352 3188 si
357 3115 427 3212 jam
452 3115 507 3188 sit-
522 3115 753 3189 ediscendum
775 3114 840 3186 sibi
865 3111 1008 3212 aliquid,
1039 3138 1114 3187 non
1143 3113 1324 3187 Teucrum
1392 3191 1393 3200 ἶ

230 3214 367 3286 Pacuvii
385 3215 491 3296 malit,
508 3215 618 3312 quim
634 3213 844 3286 Manilianas
861 3213 1039 3286 venalium
1061 3211 1322 3286 vendendorum

234 3312 329 3410 leges
342 3311 504 3387 ediscere.
554 3315 652 3387 Tum
667 3321 800 3395 autem,
817 3309 916 3410 qubd
933 3313 1055 3386 amore
1063 3309 1183 3410 patriae
1200 3317 1322 3386 censes

252 3499 288 3565 ‘9
303 3512 435 3582 magistri
446 3505 585 3588 carmine]
613 3510 756 3582 Magister
769 3507 786 3564 ὲ
800 3499 941 3570 Romanis
962 3507 1112 3568 dicebatur
1125 3507 1171 3578 is,¹
1187 3507 1240 3586 qui
1250 3509 1322 3568 bona

183 3589 184 3592 ’
232 3589 286 3646 sub
299 3591 380 3648 besta
391 3587 528 3658 vendidit,
538 3587 591 3663 qui
605 3588 726 3664 prefuit
738 3589 875 3662 auctioni,
889 3600 928 3658 et,
952 3585 1052 3666 quanti
1063 3591 1191 3666 quaeque
1213 3607 1261 3648 res
1274 3605 1323 3643 ve·

130 3739 141 3752 ἱ
231 3666 295 3724 nire
307 3667 448 3737 debuerit,
461 3668 526 3744 ipse
540 3685 595 3726 suo
606 3667 744 3728 arbitratu
758 3669 864 3730 statuit,
907 3668 986 3730 Hinc
1008 3665 1151 3740 Quinctil.
1173 3667 1210 3726 vi.
1223 3674 1251 3726 3.
1262 3684 1321 3725 me·

231 3758 327 3804 morat
339 3746 514 3808 Ciceronem
526 3751 563 3806 de
577 3746 700 3808 Platorii
720 3761 814 3808 matre
828 3747 949 3820 dixisse,
963 3767 1040 3816 eam,
1054 3751 1119 3804 dum
1137 3751 1270 3816 viriam,
1280 3751 1320 3804 lu·

232 3828 476 3898 dumrposrpuam
498 3841 607 3886 mortua
621 3840 701 3898 cesar,
720 3831 872 3902 magistros
885 3830 1034 3890 babuiaau
1056 3845 1098 3884 se.
1118 3837 1320 3906 postmortem
1390 3821 1391 3891 l

232 3903 300 3983 ejus
314 3907 387 3964 bona
398 3907 532 3964 vaenisse.
576 3906 694 3966 Carmen
706 3905 778 3966 verb
792 3905 848 3966 fuit
858 3905 997 3968 solemnis
1018 3909 1154 3983 quaedam
1168 3909 1320 3980 verborum

232 3985 368 4054 formula,
377 4003 435 4062 qua
448 3986 479 4044 hi
492 3986 627 4064 magistri
636 3985 679 4047 uti
692 3988 821 4048 solebant
829 3985 859 4044 in
873 3990 960 4046 rebus
972 3985 1014 4046 ita
1026 3985 1194 4046 vendendis
1235 3981 1318 4042 Vide·

231 4077 280 4124 tur
292 4065 398 4130 Cicero
411 4066 472 4135 hic,
485 4067 607 4128 latenter
618 4079 724 4138 tamen,
738 4071 863 4144 arguere
878 4066 943 4126 illos
956 4065 1118 4145 injustitia.
1389 4093 1390 4173 p

278 4144 622 4225 rinaciamwidequae
636 4145 1029 4206 transmeando.
1111 4153 1114 4159 '
1186 4196 1188 4203 .
1286 4189 1295 4210 ,,

272 4232 289 4281 2
306 4247 364 4300 qaae
378 4224 465 4300 qaam
476 4229 511 4284 sir
512 4230 621 4299 facilia,
640 4225 714 4308 eto]
733 4225 809 4285 llaec
831 4229 919 4285 verba
941 4247 1036 4306 usqne
1055 4228 1092 4286 ad
1113 4241 1169 4286 tran
1182 4225 1321 4286 merlam

232 4320 322 4364 artem
344 4311 477 4378 suturam
495 4304 527 4364 in
548 4308 722 4366 Parenthesi
742 4305 867 4366 inclusi:
890 4307 940 4366 Sic
959 4311 1046 4366 verba
1062 4309 1171 4376 deinde,
1197 4304 1268 4380 qaid
1285 4301 1319 4354 sit

227 4389 314 4456 plena
338 4388 527 4448 delectacionis
552 4387 767 4464 respondebunt
791 4385 938 4464 prioribus
955 4387 1078 4460 naman
1095 4389 1251 4458 factiosam
1268 4395 1319 4437 nvn
1388 4421 1389 4455 ,

233 4468 362 4524 ediscant.
518 4465 521 4470 '
