2882 5012
402 297 510 352 max
526 295 708 352 PfflSIUM
723 301 770 353 st*
786 301 989 356 wocurt.

157 437 216 488 lum
230 436 289 486 163.
299 433 399 488 vitium
413 435 473 484 162.
485 435 613 488 scurrilis
626 451 690 490 ora·
722 439 890 491 asaseusus
900 438 1055 506 degustare
1067 439 1110 491 73.
1121 437 1256 506 pertrac-

157 507 212 558 tori
223 504 362 557 dicacitas
374 503 508 572 fugienda
522 513 567 557 est
580 509 639 558 162.
721 515 787 559 tare
801 512 845 561 72.
860 507 1010 574 impellere
1023 508 1168 576 voluptate
1194 507 1254 564 237·

140 581 259 634 scutum
271 574 407 642 abjicere,
417 575 539 642 rejicere
554 573 612 628 181.
722 577 863 636 acerrime
889 593 1067 630 commovere
1094 578 1129 630 16.
1157 589 1255 628 sensus
1300 630 1304 634 ,

140 651 247 704 Secare
258 660 376 698 caussas
384 645 412 699 in
421 646 506 713 plura
519 661 624 714 genera
632 650 692 699 123.
720 647 827 712 habeat
840 648 931 699 oratio
943 649 980 700 ib.
994 649 1031 699 ad
1048 663 1146 701 sensus
1158 646 1255 697 admo-

139 715 691 785 800000000001100161000000110194.
723 711 918 781 vere21,'257.
940 718 1068 770 sensibus
1092 712 1256 785 permoveri

137 787 374 854 Seclusaaquula
388 789 447 838 136.
724 789 784 838 144.-
802 787 912 856 percipi
936 790 998 839 227.
1022 788 1166 840 oculorum
1192 789 1255 837 seri·

137 855 301 914 Secundum
309 856 385 908 hunc
393 856 470 914 diem
480 859 523 909 87.
534 854 691 912 secundbm
722 873 769 909 sus
779 857 937 910 acerrimus
949 860 1010 909 257.

160 943 260 980 vocem
273 929 333 978 282.
535 947 537 952 ’
562 928 564 932 ’
704 926 854 980 Sententiae
867 927 1001 996 princeps
1026 928 1053 980 in
1076 935 1186 989 senatu,
1201 931 1257 978 etc.
1273 987 1276 994 ι

142 1000 252 1054 Sedare
263 1005 375 1050 mentes
389 999 414 1048 6.
425 995 614 1059 iracundiam,
636 1002 691 1048 etc.
723 1001 784 1048 225.
804 1013 873 1050 meae
885 998 1042 1066 participes
1054 1013 1116 1050 esse
1132 995 1258 1062 voluistis

160 1074 220 1123 105.
234 1081 444 1136 quemcumque
459 1074 566 1120 motum
580 1068 609 1120 in
631 1066 693 1118 ani·
723 1071 766 1119 53.
782 1065 1259 1136 sententiamexplicarecumdig-

157 1140 213 1192 mis
224 1141 267 1188 66.
620 1181 622 1186 .
722 1137 813 1190 nitate
829 1139 872 1189 99.
887 1153 1031 1205 exponere
1048 1142 1106 1190 134.
1121 1138 1218 1189 disere
1229 1135 1258 1186 in
1324 1167 1327 1177 ·

140 1209 230 1264 Sedes
242 1223 330 1260 sacra
341 1210 403 1260 289.
723 1215 877 1276 utramque
899 1217 1014 1276 partem
1030 1211 1099 1260 231.Ι
1116 1201 1274 1259 sententia‘
1350 1221 1352 1226 ’

139 1279 248 1334 Seditio
251 1278 318 1346 jure
328 1276 450 1331 conflata
460 1276 693 1330 125.seditionem
723 1277 954 1346 philosophorum
970 1279 1018 1328 41:
1032 1279 1068 1329 ad
1079 1277 1258 1345 probandum
1285 1298 1288 1304 ‚

157 1349 319 1418 reprimere
327 1349 364 1400 ib.
386 1347 553 1400 seditionum
576 1362 693 1414 genera,
725 1347 944 1400 accommodata
957 1350 1000 1400 72.
1023 1357 1112 1400 acuta
1138 1346 1257 1398 crebra-

156 1420 238 1482 0160,
252 1417 382 1486 pericula
396 1420 454 1469 147.
475 1417 625 1468 seditiones
650 1416 693 1482 ip·
724 1433 779 1485 que
791 1419 834 1467 99.
850 1423 993 1469 oratorum
1005 1419 1125 1486 propria
1138 1419 1177 1466 19.
1193 1430 1257 1467 sen·

156 1505 205 1542 sas
229 1503 331 1538 ornare
353 1491 413 1538 125.
432 1488 538 1538 multas
557 1487 572 1535 d
596 1485 694 1554 repub.
724 1485 1258 1554 10011000030001100109.10000171.

154 1573 228 1626 sape
243 1573 306 1610 esse
323 1554 417 1608 factas
433 1556 469 1607 ib.
484 1556 632 1609 seditiosus
643 1557 694 1607 ho·
723 1553 876 1608 forensium
892 1557 1055 1613 aculei106.
1077 1556 1184 1609 lumina
1196 1557 1258 1607 274.

157 1643 205 1682 mo
218 1628 254 1680 il.
265 1625 336 1679 civis
353 1630 414 1689 102,
431 1628 495 1686 147,
547 1653 550 1660 .
669 1671 671 1677 .
722 1627 821 1680 sentiis
835 1627 876 1680 uti
900 1628 936 1679 ad
958 1623 1131 1695 gravitatem
1154 1625 1259 1680 oratio·
1341 1659 1342 1663 ,

138 1697 302 1766 segregare
325 1697 375 1749 abs
396 1705 426 1748 te
448 1711 535 1749 ausus
555 1698 617 1759 145,
633 1699 694 1750 280.
717 1697 768 1748 'nis
783 1700 844 1749 273.
856 1697 1000 1750 sementiis
1023 1695 1052 1749 et
1077 1696 1171 1749 verbis
1191 1711 1259 1747 con-

155 1769 250 1820 locum
261 1769 320 1819 194.
328 1766 520 1836 eloquentiam
533 1766 568 1817 ab
577 1766 694 1832 elegan-
710 1819 712 1824 ,
724 1763 889 1820 formandus
904 1775 999 1819 orator
1010 1769 1071 1819 274.
1087 1764 1259 1820 sententiose

158 1836 695 1890 110000010031001000011000110-
724 1837 845 1889 ridicula
858 1840 918 1889 244.
1225 1898 1231 1908 ⁴

155 1923 205 1960 um
217 1907 253 1958 ab
268 1914 381 1959 oratore
397 1910 457 1959 266.
532 1919 551 1950 ·.
707 1905 893 1974 Separatione
930 1907 1057 1976 partium
1099 1905 1259 1958 diminuere

43 1988 45 1992 ’
139 1975 298 2045 Sejungere
306 1976 510 2029 liberalitatem
520 1991 555 2029 ac
566 1977 694 2044 benigni·
724 1978 933 2044 magnitudines
948 1978 1053 2030 artium
1069 1979 1130 2027 248.

152 2054 245 2100 tatem
261 2047 297 2098 ab
320 2047 428 2099 ambitu
441 2055 528 2117 atque
543 2048 693 2115 largitione
707 2045 807 2114 Sepire
821 2047 977 2117 seoppidis
1005 2046 1200 2114 moenibusque
1217 2047 1260 2096 12.

157 2120 220 2170 120.
235 2118 324 2170 verba
338 2115 356 2166 a
372 2117 528 2180 sententiis,
540 2133 644 2200 eorpus
657 2117 694 2168 ab
724 2118 832 2187 aliquid
842 2118 980 2170 memoria
990 2118 1132 2169 45100100
1145 2129 1259 2166 omnem

157 2188 257 2239 anima
270 2191 331 2238 212.
344 2187 503 2253 sejunctum
514 2188 549 2239 ab
559 2187 693 2255 opinionis
724 2189 893 2254 cogitatione
908 2191 965 2240 132.
973 2187 1046 2255 sepit
1053 2203 1082 2239 se
1090 2184 1187 2238 sedulo
1196 2188 1258 2235 256.

157 2257 276 2309 arbitrio
291 2259 332 2309 34.
346 2256 364 2306 a
377 2258 519 2309 communi
544 2259 693 2327 quastione
725 2265 823 2325 septus
831 2255 909 2311 ferro
920 2261 980 2310 239.
990 2265 1103 2324 septum
1114 2255 1208 2307 teneri
1215 2257 1260 2306 90.

157 2327 201 2378 44.
213 2327 249 2378 ab
261 2327 384 2378 oratoris
393 2326 484 2378 officio
495 2335 582 2395 atque
594 2341 693 2380 mune·
726 2334 839 2395 septum
854 2344 892 2380 ex
920 2327 995 2379 omni
1007 2333 1102 2395 ,parte
1127 2324 1260 2376 orationis

156 2411 189 2450 re
205 2398 248 2448 86.
276 2396 414 2464 sejunctio
438 2397 474 2448 ab
496 2400 626 2465 eoquod
650 2404 695 2449 est
726 2413 815 2464 genus
831 2401 891 2448 215.

156 2465 267 2514 dietum
285 2465 360 2530 (fig.)
377 2469 438 2512 270.
498 2479 514 2488 ··
550 2485 589 2508 κ
709 2465 869 2534 Sepositum
898 2475 1012 2536 tempus
1034 2467 1072 2519 ad
1094 2465 1261 2520 discendum

140 2527 284 2584 Sementis
299 2529 341 2577 81.
351 2538 509 2580 sementem
524 2527 622 2581 facere
636 2529 696 2580 169.
713 2535 797 2582 '7332'
974 2551 975 2556 ¹

140 2598 322 2654 semidoctus
335 2597 394 2648 140.
709 2598 796 2667 Sequi
806 2601 944 2668 quietem,
954 2603 1041 2656 otium
1052 2607 1113 2658 223.
1126 2605 1260 2658 umbram

141 2669 355 2737 sempiternum
364 2674 479 2734 tempus
489 2674 622 2735 spectare
635 2671 694 2720 138.
728 2672 769 2721 10.
1154 2707 1156 2712 -

139 2739 264 2794 Senatus
279 2735 416 2805 frequens
428 2739 488 2791 204,
501 2745 616 2790 senatus
625 2753 693 2790 auc·
708 2735 809 2790 Sermo
822 2739 913 2790 tenuis
922 2747 952 2791 et
971 2741 1125 2808 exsanguis
1137 2743 1179 2794 20.
1206 2758 1260 2812 pu·

158 2809 260 2862 toritas
275 2811 300 2860 8.
317 2809 355 2860 ad
366 2814 495 2860 senatum
508 2807 617 2875 legatos
628 2809 694 2860 mit·
726 2825 784 2872 000,
800 2809 939 2862 dilucidus
950 2811 1011 2862 217.
1021 2811 1146 2863 intentus
1157 2813 1200 2864 84.
1209 2828 1259 2865 an-

158 2881 292 2934 tere134.
306 2885 422 2932 senatus
433 2879 562 2931 consulta
575 2880 634 2942 123.
649 2895 693 2932 se·
725 2879 929 2931 temeridianus
941 2883 1001 2931 211.
1030 2896 1124 2932 sermo
1134 2882 1262 2952 corporis

158 2950 271 3004 natoria
289 2949 463 3001 consuetudo
473 2951 519 2999 49.
727 2949 803 3000 actio
813 2952 874 3000 282.
886 2950 1026 3001 sermonis
1037 2950 1141 3002 lenitas
1155 2953 1198 3003 84.
1217 2953 1260 3004 vis

141 3019 304 3075 Senectutis
324 3018 479 3070 subsidium
499 3019 542 3069 84.
563 3019 651 3072 decus
665 3029 696 3072 et
726 3027 757 3070 et
765 3018 907 3071 contentio
915 3019 951 3071 ib.
960 3020 1150 3089 perpetuitas,
1157 3022 1260 3075 celeri·

157 3095 358 3150 ornamentum
374 3091 417 3138 65.
432 3088 572 3140 senectuti
594 3088 694 3142 bellis·
727 3099 772 3140 tas
786 3091 845 3140 154.
869 3089 985 3142 tristitia
1001 3093 1025 3140 9.
1040 3089 1135 3142 Latini
1151 3090 1262 3144 subtili·

158 3161 263 3213 simum
279 3156 433 3211 subsidium
449 3157 535 3209 otium
546 3159 589 3209 84.
598 3175 695 3210 senec·
726 3167 772 3210 tas
781 3167 811 3211 et
819 3159 963 3227 elegantia
978 3161 1021 3212 97.
1043 3175 1202 3212 sermonem
1217 3162 1261 3214 in·

159 3237 253 3283 tutem
267 3228 416 3282 celebrare
431 3241 533 3280 ornare
546 3225 616 3278 650
632 3229 695 3280 soli·
727 3227 804 3281 ferre
815 3230 851 3282 de
863 3234 903 3281 10.
925 3245 1054 3282 sermone
1077 3229 1196 3296 alicujus
1214 3247 1260 3283 as·

123 3303 126 3309 “
160 3299 259 3354 tudine
271 3298 476 3352 vindicaretis.
492 3297 529 3349 ad
541 3299 695 3350 senectutis
727 3298 872 3352 suefactus
884 3301 944 3352 217.
956 3315 1085 3352 sermone
1097 3298 1226 3353 confecto
1236 3305 1262 3355 9.

160 3368 291 3438 requiem
306 3367 473 3435 excogitare
489 3366 596 3434 aliquid
606 3369 642 3419 ib.
726 3385 764 3422 ex
776 3385 905 3422 sermone
919 3369 1039 3437 pristino
1049 3370 1184 3423 relaxare
1200 3372 1261 3424 ani·

143 3439 346 3492 Senescentem
379 3436 500 3503 alicujus
521 3437 637 3489 laudem
659 3438 694 3490 ab
725 3455 786 3491 mos
802 3443 842 3492 10.
862 3439 976 3492 inomni
991 3456 1120 3493 sermone
1135 3448 1262 3494 eatrac·

163 3509 300 3562 oblivione
314 3507 462 3560 vindicare
478 3509 520 3560 90.
726 3515 801 3571 tare,
812 3517 844 3562 ut
856 3512 899 3561 89.
909 3525 939 3562 se
952 3509 1072 3576 alicujus
1084 3511 1261 3564 sermonibus

144 3577 429 3648 Senex-perfunctus
458 3577 618 3640 honoribus
641 3583 695 3629 etc.
727 3579 797 3630 dare
820 3580 857 3632 ib.
883 3581 1057 3633 sermonibus
1078 3581 1263 3648 interpuncta

163 3652 207 3700 65.
222 3650 384 3702 sordidatus
399 3650 458 3698 145.
726 3648 854 3701 narratio
866 3652 925 3702 190.
949 3651 1085 3703 sermonis
1109 3651 1190 3703 istius
1214 3667 1263 3704 me

144 3718 246 3772 Senius
258 3719 306 3772 ille
322 3721 383 3770 255.
393 3717 501 3770 senium
514 3724 557 3769 est
573 3720 633 3769 161.
726 3717 1082 3786 participemessefactum
1089 3721 1262 3789 gandenses

143 3789 235 3842 Sensa
245 3789 349 3842 mentis
362 3787 511 3856 explicare
521 3790 582 3840 222.
596 3786 697 3856 expri-
709 3787 833 3855 Serpere
844 3790 954 3841 occulte
965 3793 1024 3842 149.

163 3873 244 3911 mere
259 3859 379 3911 dicendo
393 3861 433 3909 11.
710 3857 834 3910 Servare
848 3859 953 3912 civium
965 3861 1063 3929 capita
1079 3863 1139 3915 207.

145 3928 283 3981 Sensum:
298 3928 417 3981 Sensum
430 3934 474 3998 est
486 3931 545 3980 261.
710 3925 829 3980 Servilis
840 3931 1023 3996 percuntatio
1035 3935 1095 3984 190.

146 3998 252 4051 Sensus
270 3998 480 4051 consuetudinis
493 4000 554 4050 284.
569 4011 603 4049 ac
622 3997 697 4050 ratio
709 3997 824 4050 Servire
839 3999 1024 4068 vestigalibus
1045 4005 1104 4053 138.
1119 4003 1263 4055 venustati

163 4067 277 4120 dicendi
294 4069 353 4119 142.
365 4067 492 4136 vulgaris
507 4075 536 4120 et
550 4066 696 4136 popularis
728 4069 790 4129 187,
807 4069 865 4122 190.
876 4069 1128 4123 brevitatiib.-voci
1143 4075 1187 4135 82,
1200 4075 1262 4124 282.

164 4141 207 4190 85.
221 4137 530 4190 hominumcommunis
543 4134 697 4190 1071020(-
727 4145 822 4205 neque¹
853 4141 962 4192 servire
995 4142 1139 4209 quandam
1164 4143 1262 4196 adium

163 4205 220 4260 ime
235 4207 411 4275 voluptarius
436 4211 496 4260 238.
516 4223 629 4260 sensum
649 4223 696 4259 vo·
728 4216 843 4276 partem
855 4209 981 4263 (1101157.

163 4279 276 4346 luptate
291 4293 406 4330 movere
414 4277 450 4330 ib.
461 4293 544 4330 sensu
553 4277 697 4328 hominum
711 4277 816 4331 Servus
832 4280 869 4336 ad
878 4293 993 4332 manum
1004 4281 1064 4331 283.
1078 4280 1124 4332 001
1133 4282 1208 4334 domi
1219 4281 1262 4334 ni·

167 4347 371 4415 comprehendi
383 4351 518 4400 211.'cum
528 4363 611 4400 sensu
620 4354 699 4398 trac·
727 4347 769 4400 hil
777 4355 821 4400 est
835 4363 888 4402 nec
903 4348 1091 4416 obsignatum,
1100 4366 1153 4402 nec
1168 4352 1264 4408 occlu-

163 4423 257 4467 tatnm
275 4421 333 4468 142.
351 4413 464 4469 asensu
489 4417 597 4469 tradita
612 4423 698 4484 atque
730 4433 790 4471 sum
805 4421 864 4471 168.
875 4415 949 4488 frugi
964 4434 1089 4487 nequam
1098 4435 1106 4480 ;
1121 4420 1261 4478 bonusfo-

165 4486 305 4554 impressa
337 4489 396 4538 199..
420 4502 533 4540 *sensus
558 4487 699 4542 satiantur
727 4489 830 4544 casib.
1042 4496 1046 4506 '
