2808 5020
245 387 303 467 r'a'c
658 393 718 458 on
737 381 943 460 onerosa

239 541 454 620 dissimillimi
471 541 557 627 sitis,
568 541 618 618 ita
634 558 754 620 tamen
765 541 1085 643 uterquevestrdm
1107 543 1217 625 dicat,
1240 549 1283 618 aa
1299 543 1337 625 el

238 641 325 716 nihil
338 645 492 739 nequed
513 652 640 717 natura
661 643 886 742 denegatum,
907 667 1026 740 neque
1048 641 1241 718 adootrina
1256 659 1339 716 non

237 741 393 816 delatum
416 763 492 814 esse
508 741 677 816 videatur.
726 741 860 824 Quare,
884 743 1030 819 Crasse,
1051 766 1170 840 neque
1201 751 1243 814 tu
1274 750 1337 814 tua

236 838 402 912 suavitate
415 863 479 912 nos
495 837 652 938 privabis,
670 845 719 922 ut,
735 838 863 937 siquid
877 841 926 913 ab
938 835 1102 913 Antonio
1120 850 1184 914 aut
1194 850 1339 940 praeter·

236 937 381 1011 missum
397 946 459 1012 aut
474 936 635 1011 relictum
651 935 705 1019 sit,
721 961 796 1011 non
811 935 967 1035 explices
980 962 991 1022 ;
1015 961 1134 1036 neque
1152 948 1199 1018 te,
1217 937 1338 1012 Anto·

234 1034 287 1115 ni,
300 1036 329 1107 si
339 1036 425 1134 quid
435 1034 658 1117 nondixeris,
667 1035 938 1110 existimabimus
949 1059 1024 1110 non
1036 1035 1191 1132 potuisse
1202 1034 1339 1134 potius,

233 1136 344 1230 quarn
367 1133 539 1208 alCrasso
561 1131 630 1208 dici
647 1133 821 1207 maluisse.
871 1133 952 1208 Hic
970 1134 1132 1216 Crassus,
1165 1133 1269 1217 Quin
1282 1141 1342 1214 tu,

233 1228 362 1328 iuquit,
381 1229 529 1309 Antoni,
544 1230 676 1302 omittis
693 1232 759 1304 ista
776 1255 860 1329 quae
878 1231 1099 1331 proposuisti,
1121 1253 1210 1330 quae
1226 1255 1342 1304 nemo

233 1326 362 1421 horum
377 1327 560 1410 desiderat,
583 1327 755 1424 ⁹Quibus
768 1353 812 1402 ex
833 1329 919 1404 loeis
931 1356 982 1412 ea,
998 1353 1082 1426 qum
1099 1330 1342 1424 dicendasint

235 1423 276 1524 in
291 1425 435 1506 caussis,
460 1423 699 1522 reperiantur?
739 1449 834 1523 quoe,
858 1451 1066 1525 quamquam
1093 1430 1155 1500 abs
1180 1438 1215 1501 te
1244 1452 1342 1502 novo

261 1525 387 1598 uodam
412 1523 518 1598 modo
534 1523 771 1620 praeclareque
792 1525 971 1607 dicuntur,
988 1536 1075 1600 sunt
1090 1535 1208 1598 tamen
1234 1537 1275 1600 et
1301 1551 1342 1599 re

231 1549 399 1703 dociliora,
421 1631 459 1696 et
482 1622 668 1720 preceptis
697 1632 901 1722 pervagata:
941 1623 1000 1697 illa
1026 1625 1192 1720 deprome
1220 1625 1343 1708 nobis,

232 1718 331 1795 unde
356 1722 492 1800 afferas,
509 1743 593 1817 quae
609 1720 800 1818 saepissime
826 1729 963 1806 tractas,
989 1745 1197 1820 semperque
1213 1721 1343 1794 divini·

232 1825 304 1892 tus.
355 1821 567 1914 Depromam
594 1819 770 1916 equidem,
800 1817 917 1918 inquit
944 1819 1125 1893 Antonius
1137 1847 1148 1905 ;
1183 1828 1233 1900 et,
1259 1816 1339 1915 quo
1388 1911 1389 1914 Ἴ

232 1916 371 1990 lacilirls
388 1917 424 1994 id
440 1918 462 1988 ὲ
479 1929 516 1992 te
532 1918 589 1990 exi
614 1941 679 1999 am,
695 1916 793 2014 quod
808 1926 903 2013 peto,
913 1915 1008 1991 nihil
1027 1916 1088 1990 tibi
1108 1917 1199 1990 ame
1215 1930 1338 2028 postu·

232 2011 319 2084 lanti
336 2016 515 2086 recusabo.
606 2035 661 2086 eae
671 2015 778 2087 totius
791 2013 974 2095 orationis,
988 2023 1026 2087 et
1047 2014 1146 2086 istius
1162 2013 1272 2112 ipsius
1288 2015 1336 2089 in

234 2109 385 2186 dicendo
400 2109 587 2194 lacultdis,
608 2133 716 2223 quam
730 2109 837 2183 modo
859 2111 1005 2185 Crassus
1017 2109 1055 2184 in
1075 2112 1205 2186 eoelum
1223 2112 1335 2186 verbis

232 2209 373 2292 extulit,
384 2217 455 2284 tres
468 2216 553 2298 sunt
569 2218 735 2291 rationes,
752 2217 792 2282 ut
808 2217 890 2282 anta
902 2209 975 2284 dixi
984 2234 996 2294 ;
1019 2233 1090 2282 una
1102 2210 1334 2284 conciliando
1389 2243 1390 2306 r

234 2333 314 2384 rum
327 2308 520 2392 hominum,
530 2307 638 2384 altera
647 2307 900 2390 docendorum,
917 2308 1016 2382 tertia
1031 2306 1334 2384 concitandorum.
1389 2321 1390 2362 t

197 2435 200 2440 ·
234 2405 373 2489 Harum
387 2406 491 2480 trium
503 2406 652 2504 partium
667 2405 776 2502 prima
791 2405 971 2480 lenitatem
988 2407 1164 2490 orationis,
1180 2408 1335 2482 secunda

230 2527 393 2586 acumen,
409 2503 514 2577 tertia
537 2501 606 2576 vim
621 2501 813 2596 desiderat:
838 2525 919 2577 nam
944 2499 1012 2579 hoo
1038 2529 1182 2579 necesse
1197 2516 1268 2589 est,
1292 2511 1334 2578 ut

229 2601 270 2684 is,
287 2601 348 2698 qui
366 2601 467 2676 nobis
482 2625 637 2676 caussam
650 2657 653 2664 .
664 2599 924 2698 adjudicaturus
941 2602 998 2684 sit,
1026 2613 1087 2676 aut
1104 2603 1332 2680 inclinatione

229 2699 417 2776 voluntatis
454 2700 672 2799 propendeat
680 2741 685 2750 ·*
716 2700 755 2774 in
782 2721 858 2784 nos,
895 2710 959 2774 aut
989 2701 1204 2778 defensionis
1216 2757 1226 2766 ..
1235 2717 1333 2800 argu*

230 2798 364 2874 mentis
375 2798 579 2884 adducatur,
602 2806 664 2876 aut
674 2798 779 2872 animi
801 2800 1021 2898 permotione
1041 2811 1213 2898 cogatur„
1246 2801 1328 2882 Sed,

255 2898 395 2974 uoniam
410 2898 472 2972 illa
483 2923 576 2995 para,
591 2898 698 2996 inqua
723 2920 845 2970 rerum
859 2897 1011 2994 ipsarum
1020 2898 1208 2996 explicatio
1218 2923 1261 2972 ac
1275 2899 1332 2972 de·
1387 2987 1388 2994 ἵ

229 2921 343 3070 lensio
359 2997 471 3096 posita
486 3007 553 3080 est,
563 2996 702 3070 videtur
712 3019 855 3070 ornnem
865 2993 968 3090 hujus
983 2992 1126 3092 generis
1137 2995 1239 3092 quasi
1250 2998 1332 3070 doo-

228 3095 360 3172 trinam
375 3095 570 3186 continere,
589 3098 633 3168 de
646 3092 848 3193 eaprimrlm
857 3093 1050 3190 loquemur,
1062 3101 1100 3168 et
1110 3117 1223 3192 pauca
1231 3093 1327 3170 dice·

229 3219 328 3284 mus;
355 3219 462 3293 pauca
473 3193 571 3275 enim
587 3203 687 3278 sunt,
707 3216 791 3292 quae
809 3215 875 3266 usu
894 3193 964 3292 jam
980 3201 1139 3281 tractata,
1161 3199 1197 3266 et
1212 3193 1342 3268 animo*

231 3289 357 3390 ¹quasi
371 3293 640 3368 notatahabere
648 3292 833 3366 videamur.
1084 3313 1088 3319 ·
1149 3367 1152 3374 ,
1328 3327 1329 3335 κ

279 3391 394 3466 ΧΧΧ.
417 3391 474 3470 Ac
501 3391 560 3466 tibi
587 3391 761 3488 sapienter
776 3389 951 3472 monenti,
969 3392 1012 3466 L.
1030 3389 1166 3475 Crasse,
1181 3391 1328 3466 libenter
1386 3445 1387 3510 q

229 3491 466 3571 assentiemur,
483 3497 524 3562 ut
540 3486 755 3585 singularum
771 3511 968 3580 musarum
985 3488 1219 3586 defensiones,
1240 3505 1328 3588 quas
1386 3511 1387 3583 l

229 3591 346 3664 solent
360 3585 515 3686 magistri
542 3583 657 3686 pueris
683 3585 842 3670 tradere,
857 3587 1114 3684 relinquamus,
1138 3589 1326 3687 aperiamus

224 3696 351 3762 autem
373 3685 552 3782 cacapita,
578 3684 673 3758 unde
700 3685 816 3760 omnis
829 3685 873 3760 ad
887 3709 1031 3760 omnem
1054 3693 1093 3760 at
1116 3711 1274 3760 caussam
1289 3689 1325 3756 et

230 3783 423 3862 orationem
449 3783 634 3883 disputatio
659 3783 821 3858 ducitur:
845 3808 962 3880 neque
979 3783 1087 3864 anim,
1103 3784 1241 3882 quoties
1255 3803 1323 3856 ver·
1385 3865 1386 3884 χ

228 3887 311 3960 bum
324 3882 466 3980 aliquod
481 3895 538 3958 eet
552 3881 774 3978 scribendum
789 3881 896 3965 vobis,
910 3875 1015 3956 toties
1025 3880 1100 3978 ejus
1111 3883 1204 3958 verbi
1215 3882 1320 3990 literae
1385 3885 1386 3949 l

271 4027 408 4100 voratas
419 4041 459 4086 cx
473 4026 557 4082 toda·
578 4045 620 4094 ea,
638 4041 696 4099 que
717 4025 835 4083 αἵιιηᾰα
849 4023 908 4080 aare
929 4023 1098 4094 ira-camois,
1113 4012 1322 4094 reperientur?

227 4101 514 4168 Lambinusccnsuit
528 4104 689 4186 legendum
702 4103 750 4162 vel
758 4106 788 4160 in
799 4104 874 4168 locis,
888 4103 937 4160 vel
950 4116 1113 4173 manem,-
1131 4105 1183 4179 aad
1197 4120 1250 4180 pm
1259 4095 1319 4154 vul·

228 4186 295 4265 gari
309 4185 435 4246 lectione
448 4180 517 4244 facit
529 4183 602 4246 illud
618 4183 649 4245 io
659 4202 685 4242 c.
705 4189 752 4242 ³6.
766 4183 917 4256 prepucia
936 4185 1069 4258 quaedam
1081 4187 1162 4252 laam,
1176 4202 1215 4243 ex
1226 4179 1320 4256 qvid

227 4267 490 4341 omnisurgamenta'
506 4267 557 4322 ula
570 4260 760 4325 inveniretur·
1384 4285 1385 4315 r

270 4350 378 4419 lquaai
392 4356 487 4403 natata
508 4338 626 4423 talne]
643 4341 735 4404 Hunc
754 4341 888 4404 ordinem
910 4341 1070 4410 remorum
1086 4339 1230 4402 exhibent
1243 4323 1319 4396 Msd

227 4424 311 4483 Cant.
335 4425 431 4504 ng⁸
456 4423 541 4484 Nor-f·
567 4423 651 4500 stag,
672 4423 755 4484 Joao.
770 4433 801 4484 et
813 4423 896 4483 Harl.
909 4421 1047 4504 primun
1065 4439 1159 4502 qsrem
1181 4427 1215 4482 at
1234 4409 1319 4480 volrdt

226 4502 397 4573 Umbidu
438 4502 635 4586 vulgoque
652 4505 873 4610 marceamu-
971 4537 975 4544 ·
1276 4535 1279 4540 -
