2882 5012
204 353 262 442 ut
636 365 918 428 »conannas

205 512 451 592 exercitatione
461 519 499 586 et
515 514 768 588 consuetudine
779 513 940 594 adhibita,
953 503 1232 608 consequemur?
1256 495 1316 582 lli*

205 616 254 688 ud
269 621 385 687 autern
407 635 453 686 ne
480 611 560 708 quis
586 611 783 693 admiretur,
800 635 955 710 quonam
970 611 1073 684 modo
1088 609 1171 704 haec
1190 609 1320 706 vulgus
1404 631 1407 639 “

206 711 252 786 im
298 709 441 786 ritorttm
454 708 491 782 in
507 709 681 783 audiendo
691 719 808 795 notet;
825 735 907 782 curn
926 707 1065 780 inomni
1084 727 1221 804 genere,
1240 717 1322 778 tum

205 807 244 884 ln
279 835 322 884 oc
334 807 410 908 ipso
421 831 546 906 magna
558 808 720 904 quaedam
736 817 791 881 est
807 808 856 879 vis
866 805 1145 900 incredibilisque
1160 813 1326 876 naturae:

206 931 329 986 omncs
341 906 435 980 enim
453 906 558 980 tacito
574 906 724 1002 quodam
738 930 857 986 sensu,
874 905 949 977 sine
965 903 1036 976 ulla
1046 911 1118 974 arte
1144 911 1205 974 sut
1218 901 1325 974 ratio

204 1029 262 1086 ne,
272 1027 357 1101 quae
374 1004 445 1080 sint
460 1003 498 1076 in
507 1003 636 1076 artibus
651 1027 693 1078 ac
707 1004 898 1079 rationibus
913 1014 1007 1076 recta
1022 1025 1062 1074 ac
1076 1025 1177 1098 prava
1198 997 1328 1097 dijudi-

202 1111 305 1187 eant3
331 1101 436 1199 idque
452 1125 532 1174 cum
549 1100 680 1176 faciunt
693 1102 731 1175 in
743 1102 886 1200 picturis
902 1109 937 1172 et
952 1101 990 1172 in
1006 1099 1123 1198 signis,
1140 1098 1223 1172 etin
1240 1095 1327 1169 aliis

204 1198 375 1298 operibus,
386 1199 429 1270 ad
440 1221 588 1295 quorum
599 1198 900 1294 intelligentium&
918 1209 1040 1272 natura
1056 1199 1172 1270 minus
1189 1197 1328 1269 habent
1411 1271 1412 1282 ¹

203 1294 438 1376 instrumenti,
448 1304 524 1368 tum
537 1294 649 1366 multo
665 1295 862 1366 ostendunt
874 1296 982 1389 magis
998 1295 1035 1368 in
1051 1297 1246 1375 verborum,
1256 1317 1329 1365 nu-

203 1417 391 1474 merorum,
407 1414 604 1486 vocumque
617 1389 769 1485 judici03
792 1388 889 1486 qubd
904 1415 943 1460 ea
959 1406 1045 1462 sunt
1061 1391 1096 1461 in
1123 1387 1330 1463 communi·
1376 1411 1380 1419 ·

205 1493 272 1568 bus
283 1492 391 1568 inum
405 1489 572 1567 sensibus,
584 1509 700 1584 neque
724 1511 1190 1584 earumrerumquemquam
1203 1486 1334 1560 fundi·

204 1599 264 1664 tus
276 1600 401 1662 natura
412 1585 603 1660 voluitesse
614 1595 800 1682 expertem.
851 1585 977 1682 Itaque
993 1609 1065 1658 nun
1081 1584 1193 1658 solum
1209 1585 1332 1657 verbis
1412 1603 1413 1678 l

203 1686 408 1810 mtcppsiJis
454 1691 601 1758 crentur
619 1707 753 1765 ornnes,
775 1682 894 1756 verum
916 1685 1021 1756 etiam
1037 1682 1187 1756 numeris
1205 1707 1246 1754 ac
1262 1703 1330 1752 vo

202 1785 323 1860 cibus:
348 1711 745 1934 qrdiffiffdirimtpuisquc
761 1790 828 1863 est,
850 1781 908 1877 qui
925 1791 1043 1853 teneat
1065 1790 1177 1852 artem
1195 1801 1330 1850 nume·

203 1907 323 1956 rorum
344 1909 384 1956 ac
411 1880 611 1958 modorum.
641 1889 677 1951 at
692 1879 729 1952 in
747 1879 800 1952 his
819 1879 847 1952 si
862 1879 1002 1978 paulurn
1023 1874 1126 1950 modb
1144 1875 1327 1950 offensum

201 1989 267 2060 est,
286 1981 303 2031 ⁹
330 1989 372 2050 ut
386 1988 447 2052 aut
466 1976 706 2050 contractione
722 1979 857 2050 brevius
880 1979 992 2057 fieret,
1007 1983 1067 2046 aut
1089 1973 1329 2070 productione

203 2077 351 2176 longius,
367 2075 501 2148 theatra
514 2081 584 2146 tota
600 2075 800 2148 reclamant.
850 2071 976 2154 Quid?
1001 2073 1067 2145 hoc
1084 2097 1158 2144 non
1170 2071 1264 2144 idem
1282 2075 1325 2144 fit

204 2173 244 2251 in
255 2174 408 2255 vocibus,
422 2175 498 2246 uta
524 2170 748 2246 mtdtitudine
764 2183 802 2246 et
817 2172 947 2269 populo
962 2196 1036 2244 non
1051 2168 1155 2243 modb
1170 2177 1323 2244 catervae

204 2285 311 2372 atque
324 2281 531 2354 conventus,
544 2271 606 2346 sed
622 2269 726 2346 edam
746 2269 811 2370 ipsi
838 2269 901 2342 sibi
928 2267 1056 2367 singuli
1084 2269 1321 2366 discrepantes
1414 2333 1415 2348 ς

210 2373 402 2469 ejiciantur.

253 2471 314 2540 Ll.
340 2468 498 2538 Mirabile
514 2476 580 2545 est,
603 2466 684 2537 crim
696 2463 885 2558 plurimirm
898 2463 936 2533 in
952 2463 1110 2536 faciendo
1120 2464 1260 2538 intersit
1271 2465 1325 2538 in·

203 2571 259 2636 rer
275 2562 420 2635 doctum
432 2569 469 2633 et
485 2561 619 2642 rudem,
643 2561 752 2658 quarn
769 2583 845 2632 non
861 2559 1012 2633 multum
1028 2561 1165 2636 differat
1179 2564 1219 2636 in
1231 2563 1322 2662 judi·
1415 2633 1416 2636 ,

202 2660 334 2736 cando:
358 2656 533 2739 arscnim,
549 2657 796 2732 criminatore
812 2657 1032 2755 prolectant,
1050 2661 1065 2709 ¹
1082 2660 1149 2734 nisi
1165 2672 1323 2736 naturam
1415 2651 1416 2734 i

203 2765 341 2844 moveat
358 2781 398 2831 ac
411 2757 573 2837 delectet,
598 2755 687 2829 nihil
703 2779 786 2828 sane
803 2755 916 2852 egisse
938 2755 1102 2831 videatur.
1150 2759 1248 2835 Nihil
1266 2769 1323 2832 est
1352 2773 1355 2780 '
1415 2751 1416 2758 '

203 2867 324 2932 autem
339 2863 412 2930 tam
427 2864 616 2954 cognatum
639 2853 814 2928 mentibus
830 2853 974 2937 nostris,
999 2857 1104 2952 quim
1120 2857 1254 2928 numeri
1274 2870 1324 2929 at·

202 2979 275 3053 que
291 2977 395 3028 voces
408 2982 419 3040 3
443 2952 618 3049 quibusct
633 2952 831 3025 excitamur
841 2962 878 3022 et
890 2953 1108 3026 incendimur
1119 2963 1156 3025 et
1167 2953 1324 3026 lenimur

203 3061 242 3127 et
257 3052 523 3153 languescimus,
534 3057 572 3123 et
582 3049 625 3123 ud
638 3049 845 3123 hilaritatem
856 3057 894 3122 et
905 3050 948 3124 ad
965 3049 1139 3126 tristitiam
1154 3072 1249 3148 saepe
1256 3051 1326 3123 cle-⁴

204 3189 223 3248 ὸ
238 3193 354 3268 vulgata
364 3189 492 3250 lectione
505 3208 564 3248 vox
578 3191 676 3269 aliqua
690 3188 815 3250 excidit:
829 3193 881 3250 sed
893 3191 966 3250 nihil
978 3191 1113 3272 adjuvant
1127 3189 1216 3258 MSti.
1236 3169 1320 3254 can

204 3287 311 3330 census
325 3269 394 3328 satis
408 3271 505 3330 clarus
519 3268 567 3339 eit,
580 3272 617 3330 dc
632 3269 749 3332 caeteris
763 3269 861 3328 mitris
871 3271 980 3331 soliciti
993 3291 1059 3332 csse
1069 3273 1218 3332 debemus
1308 3311 1311 3318 ,

244 3355 262 3404 9
277 3362 309 3404 ur
321 3362 373 3406 cur
386 3352 578 3406 contractione
599 3353 714 3410 brevius
735 3349 829 3419 fieret,
841 3347 915 3429 eto]
937 3355 1044 3412 Manca
1058 3363 1105 3410 est
1118 3353 1192 3419 haeo,
1206 3362 1240 3412 ut
1253 3351 1316 3429 opi

204 3445 267 3497 nor,
275 3427 425 3497 sententia,
435 3429 585 3488 nechabet
596 3430 814 3498 verbumsteret
825 3447 925 3490 casum
934 3431 1160 3492 Nominativum
1169 3450 1183 3486 a
1195 3429 1316 3492 rorasse

206 3506 248 3566 sic
263 3507 380 3582 scripsit
393 3505 508 3577 Cicero,
520 3518 552 3562 at
563 3510 595 3562 io
608 3511 653 3566 bia
667 3511 821 3578 siliculum
832 3509 912 3568 modi
927 3513 1062 3583 effecum
1072 3525 1129 3580 aar,
1144 3525 1176 3568 aar
1187 3525 1240 3568 aar
1252 3531 1317 3570 cerr·

205 3593 347 3678 tractiopc
361 3586 478 3645 brevirla
499 3583 613 3658 fierent,
638 3601 690 3646 aut
710 3591 903 3658 productione
914 3593 1036 3664 longius,
1054 3602 1111 3650 etc.
1136 3609 1177 3650 sc.
1191 3591 1314 3652 mediet

204 3682 333 3736 numeru
586 3707 588 3716 .

248 3748 259 3798 l
274 3743 330 3798 niet·
353 3755 490 3806 naturam
503 3760 614 3808 movear
626 3768 659 3806 ac
673 3743 819 3826 deleccea]
838 3749 883 3810 Ita
901 3749 1046 3810 editiones
1058 3753 1135 3812 Ven·
1148 3762 1180 3811 et
1192 3749 1314 3812 Medici.

194 3823 307 3900 ,stepo
322 3824 394 3880 Aac.
408 3827 490 3884 Man.
500 3828 592 3888 Streb
606 3829 708 3888 Lamia
722 3847 893 3904 omnesque,
903 3849 974 3907 quas
987 3833 1081 3890 adbuc
1095 3830 1164 3901 vidi,
1174 3843 1289 3892 veteres
1303 3847 1311 3882 τ

167 3977 174 4006 a
203 3921 326 3982 proquo
339 3903 516 3964 recentiores
528 3908 598 3968 edit.
620 3910 725 3968 babent
736 3908 867 3966 naturai.-
888 3911 940 3968 sed
954 3911 1125 3987 nescioquo
1140 3929 1229 3970 sensu
1245 3907 1313 3970 dici·
1383 3936 1386 3946 v

203 3995 311 4046 turarr
324 3982 427 4044 natura
439 4001 575 4048 oravere.-
595 3986 682 4050 Dixit
693 3987 800 4050 Cicero
816 3989 917 4048 doctos
930 4001 960 4046 et
976 3989 1173 4050 indoctosnon
1187 3988 1312 4050 multum

202 4059 281 4156 inter
295 4082 327 4122 se
340 4061 458 4124 differre
471 4061 678 4143 injudicando,
692 4067 892 4144 rationemque
906 4066 983 4146 ejus,
993 4071 1070 4147 quod
1080 4069 1253 4140 observavit,
1266 4069 1311 4126 ad·

203 4141 305 4233 ducat:
325 4143 483 4217 Quoniam,
505 4145 607 4220 inquit,
620 4166 666 4204 ars
680 4145 804 4206 cratoris
813 4149 848 4204 ab
868 4167 912 4218 eo,
926 4151 1005 4226 quod
1028 4148 1198 4210 naturaliter
1210 4165 1312 4209 omnes

204 4219 339 4280 hommes
359 4221 511 4297 faciebant,
534 4223 649 4284 initium
664 4245 753 4286 suum
768 4225 883 4296 habuit3
903 4228 1039 4306 quoniam
1064 4243 1198 4288 naturam
1222 4230 1311 4287 solam

29 4295 30 4364 ζ
112 4319 115 4324 ·
203 4295 344 4370 imitatur,
356 4317 490 4366 naturam
502 4307 635 4366 omnium
645 4307 798 4366 bominum
812 4309 917 4367 eodem
931 4309 1020 4368 modo
1034 4309 1119 4368 afficit
1142 4323 1173 4368 et
1189 4317 1310 4394 movetf

206 4375 656 4467 vides,‚opu10r,10a0rspsum
666 4403 785 4444 sensum
798 4397 930 4445 naturam
944 4391 1100 4463 postulare,
1112 4389 1250 4465 quoniam
1263 4387 1311 4443 all·

203 4466 249 4514 ter
270 4472 350 4530 prior
377 4467 518 4526 sententia
544 4484 601 4526 non
614 4463 826 4536 confirmatur:
848 4468 974 4528 Accedit
999 4469 1099 4542 edam,
1126 4467 1207 4546 qubd
1232 4459 1310 4542 MStl

203 4531 287 4603 Nors-
302 4535 872 4627 Mag·Har1.a.Joanssod.etexcerp.
887 4551 966 4636 Nor,
978 4550 1086 4614 habent
1098 4563 1243 4610 naturam.
