<?xml version="1.0" encoding="UTF-8"?>
<!DOCTYPE html PUBLIC "-//W3C//DTD XHTML 1.0 Transitional//EN"
    "http://www.w3.org/TR/xhtml1/DTD/xhtml1-transitional.dtd">
<html xmlns="http://www.w3.org/1999/xhtml" xml:lang="en" lang="en">
 <head>
  <title>
</title>
<meta http-equiv="Content-Type" content="text/html;charset=utf-8" />
  <meta name='ocr-system' content='tesseract 3.04.00' />
  <meta name='ocr-capabilities' content='ocr_page ocr_carea ocr_par ocr_line ocrx_word'/>
</head>
<body>
  <div class='ocr_page' id='page_1' title='image "./mtulliiciceroni00peargoog_0224.png"; bbox 0 0 2830 5014; ppageno 0'>
   <div class='ocr_carea' id='block_1_1' title="bbox 207 339 917 404">
    <p class='ocr_par' dir='ltr' id='par_1_1' title="bbox 207 339 917 404">
     <span class='ocr_line' id='line_1_1' title="bbox 207 339 917 404; baseline 0 -2"><span class='ocrx_word' id='word_1_1' title='bbox 207 349 265 404; x_wconf 70' lang='lat'>200</span> <span class='ocrx_word' id='word_1_2' title='bbox 636 341 699 401; x_wconf 79' lang='lat' dir='ltr'>DE</span> <span class='ocrx_word' id='word_1_3' title='bbox 712 339 917 404; x_wconf 77' lang='lat' dir='ltr'>ORATORE</span> 
     </span>
    </p>
   </div>
   <div class='ocr_carea' id='block_1_2' title="bbox 183 485 1402 3988">
    <p class='ocr_par' dir='ltr' id='par_1_2' title="bbox 194 485 1402 2224">
     <span class='ocr_line' id='line_1_2' title="bbox 207 485 1320 586; baseline 0.001 -22"><span class='ocrx_word' id='word_1_4' title='bbox 207 515 294 572; x_wconf 85' lang='lat' dir='ltr'>rum,</span> <span class='ocrx_word' id='word_1_5' title='bbox 308 488 455 586; x_wconf 89' lang='lat' dir='ltr'>quitum</span> <span class='ocrx_word' id='word_1_6' title='bbox 471 485 710 562; x_wconf 73' lang='lat' dir='ltr'>adolescentes</span> <span class='ocrx_word' id='word_1_7' title='bbox 737 489 867 564; x_wconf 85' lang='lat' dir='ltr'>Crasso</span> <span class='ocrx_word' id='word_1_8' title='bbox 890 508 929 562; x_wconf 87' lang='lat' dir='ltr'>se</span> <span class='ocrx_word' id='word_1_9' title='bbox 944 486 1109 570; x_wconf 85' lang='lat' dir='ltr'>dicarant,</span> <span class='ocrx_word' id='word_1_10' title='bbox 1140 487 1320 568; x_wconf 73' lang='lat' dir='ltr'>horribiles</span> 
     </span>
     <span class='ocr_line' id='line_1_3' title="bbox 205 585 1320 686; baseline 0.001 -25"><span class='ocrx_word' id='word_1_11' title='bbox 205 589 416 682; x_wconf 88' lang='lat' dir='ltr'>miserosque</span> <span class='ocrx_word' id='word_1_12' title='bbox 432 608 553 672; x_wconf 81' lang='lat' dir='ltr'>casus3</span> <span class='ocrx_word' id='word_1_13' title='bbox 575 587 757 686; x_wconf 83' lang='lat' dir='ltr'>exquibus</span> <span class='ocrx_word' id='word_1_14' title='bbox 769 585 1121 684; x_wconf 82' lang='lat' dir='ltr'>C.Cctta,quem&#39;ille</span> <span class='ocrx_word' id='word_1_15' title='bbox 1136 589 1320 678; x_wconf 83' lang='lat' dir='ltr'>florentem</span> 
     </span>
     <span class='ocr_line' id='line_1_4' title="bbox 204 685 1321 786; baseline 0.003 -28"><span class='ocrx_word' id='word_1_16' title='bbox 204 685 401 781; x_wconf 89' lang='lat' dir='ltr'>reliquerat,</span> <span class='ocrx_word' id='word_1_17' title='bbox 420 685 535 782; x_wconf 79' lang='lat' dir='ltr'>paucis</span> <span class='ocrx_word' id='word_1_18' title='bbox 552 687 672 760; x_wconf 87' lang='lat' dir='ltr'>diebus</span> <span class='ocrx_word' id='word_1_19' title='bbox 693 697 768 783; x_wconf 87' lang='lat' dir='ltr'>post</span> <span class='ocrx_word' id='word_1_20' title='bbox 784 699 929 760; x_wconf 86' lang='lat' dir='ltr'>mortem</span> <span class='ocrx_word' id='word_1_21' title='bbox 944 685 1059 758; x_wconf 81' lang='lat' dir='ltr'>Crassi</span> <span class='ocrx_word' id='word_1_22' title='bbox 1080 685 1245 782; x_wconf 87' lang='lat' dir='ltr'>depulsus</span> <span class='ocrx_word' id='word_1_23' title='bbox 1262 707 1321 786; x_wconf 82' lang='lat' dir='ltr'>per</span> 
     </span>
     <span class='ocr_line' id='line_1_5' title="bbox 203 781 1320 879; baseline 0.004 -25"><span class='ocrx_word' id='word_1_24' title='bbox 203 782 367 855; x_wconf 69' lang='lat' dir='ltr'>insidiam</span> <span class='ocrx_word' id='word_1_25' title='bbox 380 781 396 833; x_wconf 74' lang='lat'>⁸</span> <span class='ocrx_word' id='word_1_26' title='bbox 408 783 597 865; x_wconf 78' lang='lat' dir='ltr'><strong>tribunatu,</strong></span> <span class='ocrx_word' id='word_1_27' title='bbox 614 809 689 856; x_wconf 90' lang='lat' dir='ltr'>non</span> <span class='ocrx_word' id='word_1_28' title='bbox 705 783 823 855; x_wconf 89' lang='lat' dir='ltr'>multis</span> <span class='ocrx_word' id='word_1_29' title='bbox 847 785 891 855; x_wconf 85' lang='lat' dir='ltr'>ab</span> <span class='ocrx_word' id='word_1_30' title='bbox 908 801 950 868; x_wconf 88' lang='lat' dir='ltr'>ec</span> <span class='ocrx_word' id='word_1_31' title='bbox 965 781 1320 879; x_wconf 84' lang='lat' dir='ltr'>tempore-mensibus</span> 
     </span>
     <span class='ocr_line' id='line_1_6' title="bbox 203 879 1321 980; baseline 0.002 -27"><span class='ocrx_word' id='word_1_32' title='bbox 203 880 331 978; x_wconf 82' lang='lat' dir='ltr'>ejectus</span> <span class='ocrx_word' id='word_1_33' title='bbox 347 882 433 955; x_wconf 73' lang='lat' dir='ltr'>estc</span> <span class='ocrx_word' id='word_1_34' title='bbox 451 882 610 954; x_wconf 85' lang='lat' dir='ltr'>civitate:</span> <span class='ocrx_word' id='word_1_35' title='bbox 634 879 801 980; x_wconf 84' lang='lat' dir='ltr'>Sulpitius</span> <span class='ocrx_word' id='word_1_36' title='bbox 816 891 944 962; x_wconf 89' lang='lat' dir='ltr'>autem,</span> <span class='ocrx_word' id='word_1_37' title='bbox 965 881 1082 979; x_wconf 87' lang='lat' dir='ltr'>quiin</span> <span class='ocrx_word' id='word_1_38' title='bbox 1100 881 1223 954; x_wconf 87' lang='lat' dir='ltr'>eadem</span> <span class='ocrx_word' id='word_1_39' title='bbox 1238 884 1321 956; x_wconf 79' lang='lat' dir='ltr'>invi·</span> 
     </span>
     <span class='ocr_line' id='line_1_7' title="bbox 201 978 1319 1092; baseline -0.001 -39"><span class='ocrx_word' id='word_1_40' title='bbox 201 979 271 1053; x_wconf 84' lang='lat' dir='ltr'>diae</span> <span class='ocrx_word' id='word_1_41' title='bbox 295 979 432 1053; x_wconf 87' lang='lat' dir='ltr'>flamma</span> <span class='ocrx_word' id='word_1_42' title='bbox 456 979 591 1061; x_wconf 85' lang='lat' dir='ltr'>fuisset,</span> <span class='ocrx_word' id='word_1_43' title='bbox 619 979 828 1078; x_wconf 83' lang='lat' dir='ltr'>quibuscum</span> <span class='ocrx_word' id='word_1_44' title='bbox 852 980 1001 1092; x_wconf 86' lang='lat' dir='ltr'>privatus</span> <span class='ocrx_word' id='word_1_45' title='bbox 1029 978 1319 1075; x_wconf 77' lang='lat' dir='ltr'>conjunctissime</span> 
     </span>
     <span class='ocr_line' id='line_1_8' title="bbox 201 1075 1321 1176; baseline 0.002 -28"><span class='ocrx_word' id='word_1_46' title='bbox 201 1077 342 1158; x_wconf 78' lang='lat' dir='ltr'>vixerat,</span> <span class='ocrx_word' id='word_1_47' title='bbox 356 1077 418 1150; x_wconf 89' lang='lat' dir='ltr'>hos</span> <span class='ocrx_word' id='word_1_48' title='bbox 435 1077 472 1148; x_wconf 89' lang='lat' dir='ltr'>in</span> <span class='ocrx_word' id='word_1_49' title='bbox 489 1078 670 1151; x_wconf 79' lang='lat' dir='ltr'>tribunatu</span> <span class='ocrx_word' id='word_1_50' title='bbox 690 1076 833 1176; x_wconf 87' lang='lat' dir='ltr'>spoliare</span> <span class='ocrx_word' id='word_1_51' title='bbox 851 1078 1004 1151; x_wconf 75' lang='lat' dir='ltr'>instituit</span> <span class='ocrx_word' id='word_1_52' title='bbox 1020 1079 1117 1164; x_wconf 86' lang='lat' dir='ltr'>omni</span> <span class='ocrx_word' id='word_1_53' title='bbox 1129 1075 1321 1174; x_wconf 84' lang='lat' dir='ltr'>dignitate:</span> 
     </span>
     <span class='ocr_line' id='line_1_9' title="bbox 200 1172 1322 1272; baseline 0.002 -26"><span class='ocrx_word' id='word_1_54' title='bbox 200 1172 257 1246; x_wconf 86' lang='lat' dir='ltr'>cui</span> <span class='ocrx_word' id='word_1_55' title='bbox 273 1175 427 1272; x_wconf 87' lang='lat' dir='ltr'>quidem,</span> <span class='ocrx_word' id='word_1_56' title='bbox 445 1174 488 1244; x_wconf 87' lang='lat' dir='ltr'>ad</span> <span class='ocrx_word' id='word_1_57' title='bbox 506 1197 673 1248; x_wconf 86' lang='lat' dir='ltr'>summam</span> <span class='ocrx_word' id='word_1_58' title='bbox 701 1177 842 1272; x_wconf 84' lang='lat' dir='ltr'>gloriam</span> <span class='ocrx_word' id='word_1_59' title='bbox 867 1176 1082 1272; x_wconf 81' lang='lat' dir='ltr'>eloquentiae</span> <span class='ocrx_word' id='word_1_60' title='bbox 1108 1176 1322 1256; x_wconf 74' lang='lat' dir='ltr'>florescenti</span> 
     </span>
     <span class='ocr_line' id='line_1_10' title="bbox 199 1270 1322 1372; baseline 0.004 -30"><span class='ocrx_word' id='word_1_61' title='bbox 199 1271 291 1344; x_wconf 85' lang='lat' dir='ltr'>ferro</span> <span class='ocrx_word' id='word_1_62' title='bbox 308 1282 425 1369; x_wconf 87' lang='lat' dir='ltr'>erepta</span> <span class='ocrx_word' id='word_1_63' title='bbox 436 1270 505 1342; x_wconf 88' lang='lat' dir='ltr'>vita</span> <span class='ocrx_word' id='word_1_64' title='bbox 516 1281 582 1351; x_wconf 88' lang='lat' dir='ltr'>est,</span> <span class='ocrx_word' id='word_1_65' title='bbox 600 1273 661 1344; x_wconf 77' lang='lat' dir='ltr'>⁴et</span> <span class='ocrx_word' id='word_1_66' title='bbox 674 1293 780 1367; x_wconf 87' lang='lat' dir='ltr'>poeua</span> <span class='ocrx_word' id='word_1_67' title='bbox 796 1273 1002 1347; x_wconf 86' lang='lat' dir='ltr'>temeritatis</span> <span class='ocrx_word' id='word_1_68' title='bbox 1019 1297 1092 1347; x_wconf 88' lang='lat' dir='ltr'>non</span> <span class='ocrx_word' id='word_1_69' title='bbox 1104 1275 1179 1348; x_wconf 82' lang='lat' dir='ltr'>sine</span> <span class='ocrx_word' id='word_1_70' title='bbox 1194 1287 1322 1372; x_wconf 84' lang='lat' dir='ltr'>magno</span> 
     </span>
     <span class='ocr_line' id='line_1_11' title="bbox 199 1368 1321 1468; baseline 0.004 -27"><span class='ocrx_word' id='word_1_71' title='bbox 199 1369 416 1468; x_wconf 71' lang='lat' dir='ltr'>Reipublicae</span> <span class='ocrx_word' id='word_1_72' title='bbox 433 1370 523 1442; x_wconf 88' lang='lat' dir='ltr'>malo</span> <span class='ocrx_word' id='word_1_73' title='bbox 536 1368 735 1442; x_wconf 79' lang='lat' dir='ltr'>constituta</span> <span class='ocrx_word' id='word_1_74' title='bbox 787 1373 865 1467; x_wconf 80' lang='lat' dir='ltr'>Ego</span> <span class='ocrx_word' id='word_1_75' title='bbox 886 1369 970 1442; x_wconf 87' lang='lat' dir='ltr'>verb</span> <span class='ocrx_word' id='word_1_76' title='bbox 999 1380 1047 1450; x_wconf 86' lang='lat' dir='ltr'>te,</span> <span class='ocrx_word' id='word_1_77' title='bbox 1071 1369 1209 1452; x_wconf 85' lang='lat' dir='ltr'>Crasse,</span> <span class='ocrx_word' id='word_1_78' title='bbox 1237 1391 1321 1446; x_wconf 82' lang='lat' dir='ltr'>cuna</span> 
     </span>
     <span class='ocr_line' id='line_1_12' title="bbox 199 1465 1323 1564; baseline 0.005 -26"><span class='ocrx_word' id='word_1_79' title='bbox 199 1468 282 1540; x_wconf 81' lang='lat' dir='ltr'>vitae</span> <span class='ocrx_word' id='word_1_80' title='bbox 297 1469 470 1540; x_wconf 87' lang='lat' dir='ltr'>floretum</span> <span class='ocrx_word' id='word_1_81' title='bbox 485 1468 605 1540; x_wconf 90' lang='lat' dir='ltr'>mortis</span> <span class='ocrx_word' id='word_1_82' title='bbox 621 1467 892 1564; x_wconf 79' lang='lat' dir='ltr'>opportunitate,</span> <span class='ocrx_word' id='word_1_83' title='bbox 909 1465 1028 1540; x_wconf 88' lang='lat' dir='ltr'>divino</span> <span class='ocrx_word' id='word_1_84' title='bbox 1044 1468 1191 1541; x_wconf 86' lang='lat' dir='ltr'>consilio</span> <span class='ocrx_word' id='word_1_85' title='bbox 1207 1478 1245 1542; x_wconf 89' lang='lat' dir='ltr'>et</span> <span class='ocrx_word' id='word_1_86' title='bbox 1269 1495 1323 1544; x_wconf 48' lang='lat' dir='ltr'>ora</span> 
     </span>
     <span class='ocr_line' id='line_1_13' title="bbox 199 1563 1325 1662; baseline 0.006 -26"><span class='ocrx_word' id='word_1_87' title='bbox 199 1574 276 1639; x_wconf 89' lang='lat' dir='ltr'>turn</span> <span class='ocrx_word' id='word_1_88' title='bbox 291 1576 327 1639; x_wconf 90' lang='lat' dir='ltr'>et</span> <span class='ocrx_word' id='word_1_89' title='bbox 340 1565 556 1638; x_wconf 86' lang='lat' dir='ltr'>exstinctum</span> <span class='ocrx_word' id='word_1_90' title='bbox 572 1589 651 1638; x_wconf 86' lang='lat' dir='ltr'>esse</span> <span class='ocrx_word' id='word_1_91' title='bbox 665 1563 825 1638; x_wconf 84' lang='lat' dir='ltr'>arbitror:</span> <span class='ocrx_word' id='word_1_92' title='bbox 850 1585 931 1638; x_wconf 85' lang='lat' dir='ltr'>narn</span> <span class='ocrx_word' id='word_1_93' title='bbox 948 1565 1010 1638; x_wconf 91' lang='lat' dir='ltr'>tibi</span> <span class='ocrx_word' id='word_1_94' title='bbox 1027 1573 1089 1638; x_wconf 88' lang='lat' dir='ltr'>aut</span> <span class='ocrx_word' id='word_1_95' title='bbox 1105 1587 1171 1662; x_wconf 74' lang='lat' dir='ltr'>pro‘</span> <span class='ocrx_word' id='word_1_96' title='bbox 1188 1567 1325 1654; x_wconf 73' lang='lat' dir='ltr'>virtute</span> 
     </span>
     <span class='ocr_line' id='line_1_14' title="bbox 197 1661 1324 1764; baseline 0.001 -29"><span class='ocrx_word' id='word_1_97' title='bbox 197 1665 302 1737; x_wconf 87' lang='lat' dir='ltr'>animi</span> <span class='ocrx_word' id='word_1_98' title='bbox 315 1663 579 1761; x_wconf 80' lang='lat' dir='ltr'>constantiaque</span> <span class='ocrx_word' id='word_1_99' title='bbox 596 1673 657 1736; x_wconf 89' lang='lat' dir='ltr'>tua</span> <span class='ocrx_word' id='word_1_100' title='bbox 670 1662 777 1760; x_wconf 88' lang='lat' dir='ltr'>civilis</span> <span class='ocrx_word' id='word_1_101' title='bbox 794 1663 872 1736; x_wconf 84' lang='lat' dir='ltr'>ferri</span> <span class='ocrx_word' id='word_1_102' title='bbox 890 1663 1071 1736; x_wconf 87' lang='lat' dir='ltr'>subeunda</span> <span class='ocrx_word' id='word_1_103' title='bbox 1094 1663 1162 1736; x_wconf 86' lang='lat' dir='ltr'>fuit</span> <span class='ocrx_word' id='word_1_104' title='bbox 1173 1661 1324 1764; x_wconf 58' lang='lat' dir='ltr'>crudelis</span> 
     </span>
     <span class='ocr_line' id='line_1_15' title="bbox 197 1760 1402 1860; baseline -0.002 -24"><span class='ocrx_word' id='word_1_105' title='bbox 197 1771 274 1848; x_wconf 82' lang='lat' dir='ltr'>tas3</span> <span class='ocrx_word' id='word_1_106' title='bbox 296 1772 368 1843; x_wconf 90' lang='lat' dir='ltr'>aut,</span> <span class='ocrx_word' id='word_1_107' title='bbox 379 1762 408 1834; x_wconf 87' lang='lat' dir='ltr'>si</span> <span class='ocrx_word' id='word_1_108' title='bbox 419 1787 488 1860; x_wconf 88' lang='lat' dir='ltr'>qua</span> <span class='ocrx_word' id='word_1_109' title='bbox 499 1771 535 1835; x_wconf 90' lang='lat' dir='ltr'>te</span> <span class='ocrx_word' id='word_1_110' title='bbox 552 1763 690 1836; x_wconf 80' lang='lat' dir='ltr'>fortuna</span> <span class='ocrx_word' id='word_1_111' title='bbox 700 1763 745 1834; x_wconf 90' lang='lat' dir='ltr'>ab</span> <span class='ocrx_word' id='word_1_112' title='bbox 759 1760 936 1834; x_wconf 83' lang='lat' dir='ltr'>atrocitate</span> <span class='ocrx_word' id='word_1_113' title='bbox 960 1761 1082 1846; x_wconf 82' lang='lat' dir='ltr'>mortis</span> <span class='ocrx_word' id='word_1_114' title='bbox 1098 1760 1326 1840; x_wconf 71' lang='lat' dir='ltr'>vindicasset,</span> <span class='ocrx_word' id='word_1_115' title='bbox 1401 1839 1402 1842; x_wconf 48' lang='lat'>,</span> 
     </span>
     <span class='ocr_line' id='line_1_16' title="bbox 196 1856 1323 1958; baseline -0.002 -26"><span class='ocrx_word' id='word_1_116' title='bbox 196 1860 318 1933; x_wconf 90' lang='lat' dir='ltr'>eadem</span> <span class='ocrx_word' id='word_1_117' title='bbox 350 1885 427 1933; x_wconf 86' lang='lat' dir='ltr'>esse</span> <span class='ocrx_word' id='word_1_118' title='bbox 456 1871 493 1934; x_wconf 90' lang='lat' dir='ltr'>te</span> <span class='ocrx_word' id='word_1_119' title='bbox 524 1861 695 1934; x_wconf 86' lang='lat' dir='ltr'>funerum</span> <span class='ocrx_word' id='word_1_120' title='bbox 722 1859 843 1958; x_wconf 80' lang='lat' dir='ltr'>patriae</span> <span class='ocrx_word' id='word_1_121' title='bbox 872 1866 1100 1955; x_wconf 87' lang='lat' dir='ltr'>spectatorem</span> <span class='ocrx_word' id='word_1_122' title='bbox 1129 1856 1323 1954; x_wconf 69' lang='lat' dir='ltr'>coegiasctg</span> 
     </span>
     <span class='ocr_line' id='line_1_17' title="bbox 195 1953 1320 2055; baseline -0.001 -26"><span class='ocrx_word' id='word_1_123' title='bbox 195 1977 312 2053; x_wconf 88' lang='lat' dir='ltr'>neque</span> <span class='ocrx_word' id='word_1_124' title='bbox 329 1959 442 2029; x_wconf 81' lang='lat' dir='ltr'>soltm</span> <span class='ocrx_word' id='word_1_125' title='bbox 459 1957 522 2031; x_wconf 89' lang='lat' dir='ltr'>tibi</span> <span class='ocrx_word' id='word_1_126' title='bbox 539 1959 771 2054; x_wconf 88' lang='lat' dir='ltr'>improborum</span> <span class='ocrx_word' id='word_1_127' title='bbox 787 1956 996 2036; x_wconf 83' lang='lat' dir='ltr'>dominatus,</span> <span class='ocrx_word' id='word_1_128' title='bbox 1013 1953 1197 2028; x_wconf 78' lang='lat' dir='ltr'>sedetiam</span> <span class='ocrx_word' id='word_1_129' title='bbox 1223 1981 1320 2055; x_wconf 86' lang='lat' dir='ltr'>prop</span> 
     </span>
     <span class='ocr_line' id='line_1_18' title="bbox 196 2051 1402 2134; baseline 0 -8"><span class='ocrx_word' id='word_1_130' title='bbox 196 2062 250 2126; x_wconf 87' lang='lat' dir='ltr'>ter</span> <span class='ocrx_word' id='word_1_131' title='bbox 273 2051 453 2126; x_wconf 75' lang='lat' dir='ltr'>admistam</span> <span class='ocrx_word' id='word_1_132' title='bbox 474 2053 600 2127; x_wconf 90' lang='lat' dir='ltr'>civium</span> <span class='ocrx_word' id='word_1_133' title='bbox 629 2054 776 2134; x_wconf 69' lang='lat' dir='ltr'>cadem,</span> <span class='ocrx_word' id='word_1_134' title='bbox 803 2056 975 2126; x_wconf 87' lang='lat' dir='ltr'>bonorum</span> <span class='ocrx_word' id='word_1_135' title='bbox 1001 2052 1144 2127; x_wconf 85' lang='lat' dir='ltr'>victoria</span> <span class='ocrx_word' id='word_1_136' title='bbox 1171 2053 1317 2128; x_wconf 85' lang='lat' dir='ltr'>maerori</span> <span class='ocrx_word' id='word_1_137' title='bbox 1401 2117 1402 2126; x_wconf 72' lang='grc'>,</span> 
     </span>
     <span class='ocr_line' id='line_1_19' title="bbox 194 2149 755 2224; baseline 0.004 -1"><span class='ocrx_word' id='word_1_138' title='bbox 194 2149 327 2224; x_wconf 75' lang='lat' dir='ltr'>frumet.</span> <span class='ocrx_word' id='word_1_139' title='bbox 668 2179 672 2184; x_wconf 92' lang='lat'><em>·</em></span> <span class='ocrx_word' id='word_1_140' title='bbox 751 2191 755 2207; x_wconf 44' lang='lat' dir='ltr'>r</span> 
     </span>
    </p>

    <p class='ocr_par' dir='ltr' id='par_1_3' title="bbox 183 2247 1400 3883">
     <span class='ocr_line' id='line_1_20' title="bbox 243 2247 1319 2350; baseline 0.005 -29"><span class='ocrx_word' id='word_1_141' title='bbox 243 2249 314 2322; x_wconf 91' lang='lat' dir='ltr'>lV.</span> <span class='ocrx_word' id='word_1_142' title='bbox 340 2249 430 2324; x_wconf 91' lang='lat' dir='ltr'>Mihi</span> <span class='ocrx_word' id='word_1_143' title='bbox 446 2247 601 2350; x_wconf 89' lang='lat' dir='ltr'>quidem,</span> <span class='ocrx_word' id='word_1_144' title='bbox 630 2251 779 2334; x_wconf 78' lang='lat' dir='ltr'>Quinte.</span> <span class='ocrx_word' id='word_1_145' title='bbox 797 2249 917 2330; x_wconf 75' lang='lat' dir='ltr'>irater,</span> <span class='ocrx_word' id='word_1_146' title='bbox 934 2258 971 2324; x_wconf 87' lang='lat' dir='ltr'>ct</span> <span class='ocrx_word' id='word_1_147' title='bbox 993 2262 1116 2324; x_wconf 85' lang='lat' dir='ltr'>eorum</span> <span class='ocrx_word' id='word_1_148' title='bbox 1139 2272 1252 2334; x_wconf 71' lang='lat' dir='ltr'>maus,</span> <span class='ocrx_word' id='word_1_149' title='bbox 1274 2252 1319 2326; x_wconf 81' lang='lat' dir='ltr'>dc</span> 
     </span>
     <span class='ocr_line' id='line_1_21' title="bbox 195 2345 1317 2448; baseline 0.002 -28"><span class='ocrx_word' id='word_1_150' title='bbox 195 2345 325 2445; x_wconf 83' lang='lat' dir='ltr'>quibus</span> <span class='ocrx_word' id='word_1_151' title='bbox 335 2357 417 2423; x_wconf 90' lang='lat' dir='ltr'>ante</span> <span class='ocrx_word' id='word_1_152' title='bbox 429 2351 513 2431; x_wconf 85' lang='lat' dir='ltr'>dixi,</span> <span class='ocrx_word' id='word_1_153' title='bbox 528 2359 565 2422; x_wconf 90' lang='lat' dir='ltr'>et</span> <span class='ocrx_word' id='word_1_154' title='bbox 580 2375 620 2423; x_wconf 87' lang='lat' dir='ltr'>ea</span> <span class='ocrx_word' id='word_1_155' title='bbox 629 2367 712 2447; x_wconf 80' lang='lat' dir='ltr'>quae</span> <span class='ocrx_word' id='word_1_156' title='bbox 725 2347 930 2448; x_wconf 75' lang='lat' dir='ltr'>nosmetipsi</span> <span class='ocrx_word' id='word_1_157' title='bbox 944 2349 988 2421; x_wconf 94' lang='lat' dir='ltr'>cb</span> <span class='ocrx_word' id='word_1_158' title='bbox 998 2370 1152 2422; x_wconf 88' lang='lat' dir='ltr'>amorem</span> <span class='ocrx_word' id='word_1_159' title='bbox 1164 2349 1205 2421; x_wconf 95' lang='lat' dir='ltr'>in</span> <span class='ocrx_word' id='word_1_160' title='bbox 1218 2349 1317 2422; x_wconf 73' lang='lat' dir='ltr'>Rem·</span> 
     </span>
     <span class='ocr_line' id='line_1_22' title="bbox 192 2445 1315 2543; baseline 0.003 -27"><span class='ocrx_word' id='word_1_161' title='bbox 192 2445 366 2541; x_wconf 90' lang='lat' dir='ltr'>publicam</span> <span class='ocrx_word' id='word_1_162' title='bbox 381 2447 618 2519; x_wconf 88' lang='lat' dir='ltr'>incredibilem</span> <span class='ocrx_word' id='word_1_163' title='bbox 634 2455 674 2517; x_wconf 92' lang='lat' dir='ltr'>et</span> <span class='ocrx_word' id='word_1_164' title='bbox 691 2447 900 2542; x_wconf 77' lang='lat' dir='ltr'>singularem</span> <span class='ocrx_word' id='word_1_165' title='bbox 916 2446 1128 2543; x_wconf 85' lang='lat' dir='ltr'>pertulimus</span> <span class='ocrx_word' id='word_1_166' title='bbox 1150 2471 1194 2521; x_wconf 86' lang='lat' dir='ltr'>ac</span> <span class='ocrx_word' id='word_1_167' title='bbox 1211 2447 1315 2520; x_wconf 55' lang='lat' dir='ltr'>sans*</span> 
     </span>
     <span class='ocr_line' id='line_1_23' title="bbox 192 2539 1399 2642; baseline 0.004 -28"><span class='ocrx_word' id='word_1_168' title='bbox 192 2563 271 2614; x_wconf 90' lang='lat' dir='ltr'>mus</span> <span class='ocrx_word' id='word_1_169' title='bbox 294 2541 476 2640; x_wconf 84' lang='lat' dir='ltr'>cogitanti,</span> <span class='ocrx_word' id='word_1_170' title='bbox 500 2539 676 2616; x_wconf 86' lang='lat' dir='ltr'>sententia</span> <span class='ocrx_word' id='word_1_171' title='bbox 691 2559 789 2640; x_wconf 81' lang='lat' dir='ltr'>saepe</span> <span class='ocrx_word' id='word_1_172' title='bbox 812 2551 873 2615; x_wconf 89' lang='lat' dir='ltr'>tua</span> <span class='ocrx_word' id='word_1_173' title='bbox 897 2567 978 2616; x_wconf 87' lang='lat' dir='ltr'>vera</span> <span class='ocrx_word' id='word_1_174' title='bbox 999 2569 1040 2617; x_wconf 89' lang='lat' dir='ltr'>ac</span> <span class='ocrx_word' id='word_1_175' title='bbox 1056 2545 1194 2642; x_wconf 85' lang='lat' dir='ltr'>sapiens</span> <span class='ocrx_word' id='word_1_176' title='bbox 1210 2543 1319 2619; x_wconf 87' lang='lat' dir='ltr'>videri</span> <span class='ocrx_word' id='word_1_177' title='bbox 1398 2623 1399 2626; x_wconf 62' lang='grc'>,</span> 
     </span>
     <span class='ocr_line' id='line_1_24' title="bbox 191 2636 1317 2741; baseline 0.006 -31"><span class='ocrx_word' id='word_1_178' title='bbox 191 2636 293 2720; x_wconf 89' lang='lat' dir='ltr'>solet,</span> <span class='ocrx_word' id='word_1_179' title='bbox 311 2639 371 2735; x_wconf 88' lang='lat' dir='ltr'>qui</span> <span class='ocrx_word' id='word_1_180' title='bbox 389 2648 527 2738; x_wconf 89' lang='lat' dir='ltr'>propter</span> <span class='ocrx_word' id='word_1_181' title='bbox 542 2649 605 2723; x_wconf 89' lang='lat' dir='ltr'>tot,</span> <span class='ocrx_word' id='word_1_182' title='bbox 622 2649 750 2721; x_wconf 84' lang='lat' dir='ltr'>tantos,</span> <span class='ocrx_word' id='word_1_183' title='bbox 764 2649 909 2738; x_wconf 87' lang='lat' dir='ltr'>tamque</span> <span class='ocrx_word' id='word_1_184' title='bbox 924 2641 1123 2741; x_wconf 83' lang='lat' dir='ltr'>praecipites</span> <span class='ocrx_word' id='word_1_185' title='bbox 1138 2667 1239 2717; x_wconf 86' lang='lat' dir='ltr'>casus</span> <span class='ocrx_word' id='word_1_186' title='bbox 1251 2646 1317 2718; x_wconf 68' lang='lat' dir='ltr'>eh-</span> 
     </span>
     <span class='ocr_line' id='line_1_25' title="bbox 192 2734 1320 2836; baseline 0.009 -29"><span class='ocrx_word' id='word_1_187' title='bbox 192 2734 406 2810; x_wconf 88' lang='lat' dir='ltr'>rissirnorum</span> <span class='ocrx_word' id='word_1_188' title='bbox 416 2737 599 2813; x_wconf 89' lang='lat' dir='ltr'>hominum</span> <span class='ocrx_word' id='word_1_189' title='bbox 615 2748 719 2836; x_wconf 91' lang='lat' dir='ltr'>atque</span> <span class='ocrx_word' id='word_1_190' title='bbox 730 2739 938 2836; x_wconf 86' lang='lat' dir='ltr'>optimcnrm</span> <span class='ocrx_word' id='word_1_191' title='bbox 954 2741 1132 2814; x_wconf 85' lang='lat' dir='ltr'>⁵vircruur</span> <span class='ocrx_word' id='word_1_192' title='bbox 1147 2765 1204 2816; x_wconf 85' lang='lat' dir='ltr'>ma</span> <span class='ocrx_word' id='word_1_193' title='bbox 1226 2763 1320 2817; x_wconf 61' lang='lat' dir='ltr'>sem*</span> 
     </span>
     <span class='ocr_line' id='line_1_26' title="bbox 190 2833 1400 2932; baseline 0.007 -27"><span class='ocrx_word' id='word_1_194' title='bbox 190 2857 254 2932; x_wconf 91' lang='lat' dir='ltr'>per</span> <span class='ocrx_word' id='word_1_195' title='bbox 276 2836 319 2907; x_wconf 91' lang='lat' dir='ltr'>ab</span> <span class='ocrx_word' id='word_1_196' title='bbox 334 2833 436 2908; x_wconf 86' lang='lat' dir='ltr'>omni</span> <span class='ocrx_word' id='word_1_197' title='bbox 457 2837 685 2910; x_wconf 86' lang='lat' dir='ltr'>contentione</span> <span class='ocrx_word' id='word_1_198' title='bbox 712 2861 753 2911; x_wconf 88' lang='lat' dir='ltr'>ac</span> <span class='ocrx_word' id='word_1_199' title='bbox 769 2837 989 2912; x_wconf 88' lang='lat' dir='ltr'>dimicatione</span> <span class='ocrx_word' id='word_1_200' title='bbox 1006 2838 1181 2912; x_wconf 84' lang='lat' dir='ltr'>revocasti.</span> <span class='ocrx_word' id='word_1_201' title='bbox 1233 2841 1319 2922; x_wconf 81' lang='lat' dir='ltr'>Sed,</span> <span class='ocrx_word' id='word_1_202' title='bbox 1399 2895 1400 2898; x_wconf 63' lang='lat'>,</span> 
     </span>
     <span class='ocr_line' id='line_1_27' title="bbox 191 2933 1319 3034; baseline 0.006 -29"><span class='ocrx_word' id='word_1_203' title='bbox 191 2934 358 3027; x_wconf 83' lang='lat' dir='ltr'>quoniam</span> <span class='ocrx_word' id='word_1_204' title='bbox 373 2933 453 3007; x_wconf 85' lang='lat' dir='ltr'>haec</span> <span class='ocrx_word' id='word_1_205' title='bbox 465 2935 535 3030; x_wconf 80' lang='lat' dir='ltr'>jam</span> <span class='ocrx_word' id='word_1_206' title='bbox 549 2933 692 3034; x_wconf 89' lang='lat' dir='ltr'>⁶neque</span> <span class='ocrx_word' id='word_1_207' title='bbox 715 2934 850 3034; x_wconf 88' lang='lat' dir='ltr'>integra</span> <span class='ocrx_word' id='word_1_208' title='bbox 877 2936 976 3009; x_wconf 91' lang='lat' dir='ltr'>nobis</span> <span class='ocrx_word' id='word_1_209' title='bbox 997 2955 1073 3008; x_wconf 83' lang='lat' dir='ltr'>esse</span> <span class='ocrx_word' id='word_1_210' title='bbox 1097 2945 1260 3032; x_wconf 80' lang='lat' dir='ltr'>possunt,</span> <span class='ocrx_word' id='word_1_211' title='bbox 1275 2949 1319 3012; x_wconf 86' lang='lat' dir='ltr'>ct</span> 
     </span>
     <span class='ocr_line' id='line_1_28' title="bbox 189 3031 1319 3132; baseline 0.004 -28"><span class='ocrx_word' id='word_1_212' title='bbox 189 3031 315 3104; x_wconf 79' lang='lat' dir='ltr'>stunmi</span> <span class='ocrx_word' id='word_1_213' title='bbox 332 3033 464 3105; x_wconf 89' lang='lat' dir='ltr'>labores</span> <span class='ocrx_word' id='word_1_214' title='bbox 481 3033 592 3107; x_wconf 87' lang='lat' dir='ltr'>nostri</span> <span class='ocrx_word' id='word_1_215' title='bbox 602 3055 727 3131; x_wconf 83' lang='lat' dir='ltr'>magna</span> <span class='ocrx_word' id='word_1_216' title='bbox 743 3033 956 3132; x_wconf 87' lang='lat' dir='ltr'>compensati</span> <span class='ocrx_word' id='word_1_217' title='bbox 971 3033 1083 3132; x_wconf 86' lang='lat' dir='ltr'>gloria</span> <span class='ocrx_word' id='word_1_218' title='bbox 1095 3031 1319 3130; x_wconf 87' lang='lat' dir='ltr'>mitigantur,</span> 
     </span>
     <span class='ocr_line' id='line_1_29' title="bbox 188 3129 1318 3230; baseline 0.006 -29"><span class='ocrx_word' id='word_1_219' title='bbox 188 3129 431 3226; x_wconf 84' lang='lat' dir='ltr'>pergamus-ad</span> <span class='ocrx_word' id='word_1_220' title='bbox 450 3155 491 3204; x_wconf 89' lang='lat' dir='ltr'>ea</span> <span class='ocrx_word' id='word_1_221' title='bbox 513 3132 646 3215; x_wconf 88' lang='lat' dir='ltr'>solatia,</span> <span class='ocrx_word' id='word_1_222' title='bbox 670 3151 753 3230; x_wconf 84' lang='lat' dir='ltr'>quae</span> <span class='ocrx_word' id='word_1_223' title='bbox 771 3157 845 3206; x_wconf 90' lang='lat' dir='ltr'>non</span> <span class='ocrx_word' id='word_1_224' title='bbox 868 3130 974 3206; x_wconf 84' lang='lat' dir='ltr'>mcdb</span> <span class='ocrx_word' id='word_1_225' title='bbox 1001 3132 1129 3204; x_wconf 86' lang='lat' dir='ltr'>sedatis</span> <span class='ocrx_word' id='word_1_226' title='bbox 1143 3132 1318 3208; x_wconf 78' lang='lat' dir='ltr'>rrrclestiis</span> 
     </span>
     <span class='ocr_line' id='line_1_30' title="bbox 183 3225 1351 3328; baseline 0.006 -31"><span class='ocrx_word' id='word_1_227' title='bbox 183 3225 350 3322; x_wconf 85' lang='lat' dir='ltr'>jucunda,</span> <span class='ocrx_word' id='word_1_228' title='bbox 359 3229 421 3300; x_wconf 89' lang='lat' dir='ltr'>sed</span> <span class='ocrx_word' id='word_1_229' title='bbox 433 3231 541 3303; x_wconf 88' lang='lat' dir='ltr'>etiam</span> <span class='ocrx_word' id='word_1_230' title='bbox 551 3231 772 3305; x_wconf 82' lang='lat' dir='ltr'>haerentibus</span> <span class='ocrx_word' id='word_1_231' title='bbox 783 3232 940 3304; x_wconf 81' lang='lat' dir='ltr'>salutaria</span> <span class='ocrx_word' id='word_1_232' title='bbox 953 3230 1052 3304; x_wconf 87' lang='lat' dir='ltr'>nobis</span> <span class='ocrx_word' id='word_1_233' title='bbox 1062 3229 1137 3302; x_wconf 86' lang='lat' dir='ltr'>esse</span> <span class='ocrx_word' id='word_1_234' title='bbox 1149 3241 1316 3328; x_wconf 79' lang='lat' dir='ltr'>possunt;</span> <span class='ocrx_word' id='word_1_235' title='bbox 1348 3305 1351 3314; x_wconf 80' lang='grc'>,</span> 
     </span>
     <span class='ocr_line' id='line_1_31' title="bbox 188 3329 1399 3427; baseline 0.006 -31"><span class='ocrx_word' id='word_1_236' title='bbox 188 3347 455 3424; x_wconf 86' lang='lat' dir='ltr'>sermonemque</span> <span class='ocrx_word' id='word_1_237' title='bbox 472 3331 516 3402; x_wconf 90' lang='lat' dir='ltr'>L.</span> <span class='ocrx_word' id='word_1_238' title='bbox 531 3329 648 3403; x_wconf 87' lang='lat' dir='ltr'>Crassi</span> <span class='ocrx_word' id='word_1_239' title='bbox 661 3329 832 3426; x_wconf 83' lang='lat' dir='ltr'>reliquum</span> <span class='ocrx_word' id='word_1_240' title='bbox 844 3347 999 3427; x_wconf 82' lang='lat' dir='ltr'>acpaene</span> <span class='ocrx_word' id='word_1_241' title='bbox 1011 3340 1230 3426; x_wconf 84' lang='lat' dir='ltr'>postremum·</span> <span class='ocrx_word' id='word_1_242' title='bbox 1238 3353 1316 3402; x_wconf 56' lang='lat' dir='ltr'>mes</span> <span class='ocrx_word' id='word_1_243' title='bbox 1398 3351 1399 3382; x_wconf 53' lang='lat' dir='ltr'><strong>ff</strong></span> 
     </span>
     <span class='ocr_line' id='line_1_32' title="bbox 186 3422 1309 3526; baseline 0.005 -32"><span class='ocrx_word' id='word_1_244' title='bbox 186 3422 309 3495; x_wconf 87' lang='lat' dir='ltr'>moriae</span> <span class='ocrx_word' id='word_1_245' title='bbox 325 3425 534 3521; x_wconf 82' lang='lat' dir='ltr'>prodamus3</span> <span class='ocrx_word' id='word_1_246' title='bbox 557 3439 662 3523; x_wconf 88' lang='lat' dir='ltr'>atque</span> <span class='ocrx_word' id='word_1_247' title='bbox 684 3427 729 3508; x_wconf 84' lang='lat' dir='ltr'>ei,</span> <span class='ocrx_word' id='word_1_248' title='bbox 746 3429 809 3500; x_wconf 87' lang='lat' dir='ltr'>etsi</span> <span class='ocrx_word' id='word_1_249' title='bbox 834 3449 1055 3526; x_wconf 83' lang='lat' dir='ltr'>nequaquam</span> <span class='ocrx_word' id='word_1_250' title='bbox 1082 3449 1199 3524; x_wconf 85' lang='lat' dir='ltr'>parem</span> <span class='ocrx_word' id='word_1_251' title='bbox 1215 3425 1309 3500; x_wconf 84' lang='lat' dir='ltr'>illius</span> 
     </span>
     <span class='ocr_line' id='line_1_33' title="bbox 187 3519 1304 3622; baseline 0.006 -32"><span class='ocrx_word' id='word_1_252' title='bbox 187 3519 345 3616; x_wconf 87' lang='lat' dir='ltr'>ingenio,</span> <span class='ocrx_word' id='word_1_253' title='bbox 361 3533 398 3594; x_wconf 90' lang='lat' dir='ltr'>at</span> <span class='ocrx_word' id='word_1_254' title='bbox 411 3545 474 3620; x_wconf 90' lang='lat' dir='ltr'>pro</span> <span class='ocrx_word' id='word_1_255' title='bbox 489 3532 608 3596; x_wconf 82' lang='lat' dir='ltr'>nostro</span> <span class='ocrx_word' id='word_1_256' title='bbox 625 3525 748 3598; x_wconf 84' lang='lat' dir='ltr'>tamen</span> <span class='ocrx_word' id='word_1_257' title='bbox 760 3526 878 3599; x_wconf 89' lang='lat' dir='ltr'>studio</span> <span class='ocrx_word' id='word_1_258' title='bbox 887 3529 1045 3600; x_wconf 86' lang='lat' dir='ltr'>meritam</span> <span class='ocrx_word' id='word_1_259' title='bbox 1054 3527 1196 3622; x_wconf 80' lang='lat' dir='ltr'>gratiam</span> <span class='ocrx_word' id='word_1_260' title='bbox 1212 3521 1304 3598; x_wconf 78' lang='lat' dir='ltr'>debi-</span> 
     </span>
     <span class='ocr_line' id='line_1_34' title="bbox 188 3621 1398 3722; baseline 0.007 -34"><span class='ocrx_word' id='word_1_261' title='bbox 188 3624 328 3712; x_wconf 90' lang='lat' dir='ltr'>tamque</span> <span class='ocrx_word' id='word_1_262' title='bbox 345 3621 552 3694; x_wconf 83' lang='lat' dir='ltr'>referamus:</span> <span class='ocrx_word' id='word_1_263' title='bbox 578 3623 706 3719; x_wconf 89' lang='lat' dir='ltr'>Neque</span> <span class='ocrx_word' id='word_1_264' title='bbox 722 3623 816 3697; x_wconf 88' lang='lat' dir='ltr'>enirn</span> <span class='ocrx_word' id='word_1_265' title='bbox 828 3626 1012 3722; x_wconf 85' lang='lat' dir='ltr'>quisquam</span> <span class='ocrx_word' id='word_1_266' title='bbox 1030 3622 1205 3706; x_wconf 77' lang='lat' dir='ltr'>nomam</span> <span class='ocrx_word' id='word_1_267' title='bbox 1222 3623 1312 3697; x_wconf 82' lang='lat' dir='ltr'>clun</span> <span class='ocrx_word' id='word_1_268' title='bbox 1397 3707 1398 3716; x_wconf 10' lang='grc' dir='ltr'>ἶ</span> 
     </span>
     <span class='ocr_line' id='line_1_35' title="bbox 184 3721 1398 3883; baseline 0.007 -84"><span class='ocrx_word' id='word_1_269' title='bbox 184 3749 244 3883; x_wconf 50' lang='lat' dir='ltr'>ada</span> <span class='ocrx_word' id='word_1_270' title='bbox 259 3745 438 3882; x_wconf 63' lang='lat' dir='ltr'>pitanam]</span> <span class='ocrx_word' id='word_1_271' title='bbox 451 3766 491 3806; x_wconf 65' lang='lat' dir='ltr'>sc,</span> <span class='ocrx_word' id='word_1_272' title='bbox 510 3731 644 3824; x_wconf 81' lang='lat' dir='ltr'>petendo.</span> <span class='ocrx_word' id='word_1_273' title='bbox 684 3744 766 3808; x_wconf 87' lang='lat' dir='ltr'>Vide</span> <span class='ocrx_word' id='word_1_274' title='bbox 777 3763 845 3826; x_wconf 79' lang='lat' dir='ltr'>quse</span> <span class='ocrx_word' id='word_1_275' title='bbox 860 3750 896 3807; x_wconf 89' lang='lat' dir='ltr'>de</span> <span class='ocrx_word' id='word_1_276' title='bbox 920 3751 975 3810; x_wconf 85' lang='lat' dir='ltr'>hac</span> <span class='ocrx_word' id='word_1_277' title='bbox 989 3757 1021 3806; x_wconf 86' lang='lat' dir='ltr'>re</span> <span class='ocrx_word' id='word_1_278' title='bbox 1044 3743 1176 3806; x_wconf 75' lang='lat' dir='ltr'>dirimas</span> <span class='ocrx_word' id='word_1_279' title='bbox 1194 3746 1225 3805; x_wconf 83' lang='lat' dir='ltr'>in</span> <span class='ocrx_word' id='word_1_280' title='bbox 1236 3721 1305 3806; x_wconf 79' lang='lat' dir='ltr'>Not.</span> <span class='ocrx_word' id='word_1_281' title='bbox 1397 3727 1398 3808; x_wconf 81' lang='lat' dir='ltr'>i</span> 
     </span>
    </p>

    <p class='ocr_par' dir='ltr' id='par_1_4' title="bbox 224 3809 1398 4022">
     <span class='ocr_line' id='line_1_36' title="bbox 224 3839 1304 3988; baseline -0.009 -14"><span class='ocrx_word' id='word_1_282' title='bbox 224 3839 378 3973; x_wconf 47' lang='lat' dir='ltr'>‘let-pm</span> <span class='ocrx_word' id='word_1_283' title='bbox 401 3907 587 3988; x_wconf 71' lang='lat' dir='ltr'>temeratoris]</span> <span class='ocrx_word' id='word_1_284' title='bbox 604 3908 755 3970; x_wconf 76' lang='lat' dir='ltr'>Murutim</span> <span class='ocrx_word' id='word_1_285' title='bbox 768 3923 810 3967; x_wconf 85' lang='lat' dir='ltr'>err</span> <span class='ocrx_word' id='word_1_286' title='bbox 830 3907 997 3986; x_wconf 80' lang='lat' dir='ltr'>conjectura</span> <span class='ocrx_word' id='word_1_287' title='bbox 1004 3906 1105 3966; x_wconf 78' lang='lat' dir='ltr'>edidit</span> <span class='ocrx_word' id='word_1_288' title='bbox 1123 3910 1304 3964; x_wconf 75' lang='lat' dir='ltr'>remaritari:</span> 
     </span>
    </p>
   </div>
   <div class='ocr_carea' id='block_1_3' title="bbox 184 3980 1306 4122">
    <p class='ocr_par' dir='ltr' id='par_1_5' title="bbox 184 3980 1306 4122">
     <span class='ocr_line' id='line_1_37' title="bbox 185 3980 1306 4060; baseline -0.013 -5"><span class='ocrx_word' id='word_1_289' title='bbox 185 3987 284 4054; x_wconf 62' lang='grc' dir='ltr'>11181ὲὸ</span> <span class='ocrx_word' id='word_1_290' title='bbox 303 4001 381 4054; x_wconf 65' lang='grc' dir='ltr'>Μ,</span> <span class='ocrx_word' id='word_1_291' title='bbox 395 3980 465 4042; x_wconf 54' lang='lat' dir='ltr'>clm</span> <span class='ocrx_word' id='word_1_292' title='bbox 479 3994 735 4060; x_wconf 76' lang='lat' dir='ltr'>praecesserataua,</span> <span class='ocrx_word' id='word_1_293' title='bbox 749 3987 927 4048; x_wconf 83' lang='lat' dir='ltr'>comtructio</span> <span class='ocrx_word' id='word_1_294' title='bbox 939 4000 993 4058; x_wconf 83' lang='lat' dir='ltr'>est,</span> <span class='ocrx_word' id='word_1_295' title='bbox 1010 3989 1056 4047; x_wconf 77' lang='lat' dir='ltr'>cui</span> <span class='ocrx_word' id='word_1_296' title='bbox 1062 3997 1146 4058; x_wconf 76' lang='lat' dir='ltr'>panc</span> <span class='ocrx_word' id='word_1_297' title='bbox 1161 3989 1306 4044; x_wconf 78' lang='lat' dir='ltr'>temerita-</span> 
     </span>
     <span class='ocr_line' id='line_1_38' title="bbox 184 4067 465 4122; baseline 0 -2"><span class='ocrx_word' id='word_1_298' title='bbox 184 4067 465 4122; x_wconf 70' lang='lat' dir='ltr'>tia--conatitata</span> 
     </span>
    </p>
   </div>
   <div class='ocr_carea' id='block_1_4' title="bbox 144 4142 1396 4617">
    <p class='ocr_par' dir='ltr' id='par_1_6' title="bbox 144 4142 1304 4299">
     <span class='ocr_line' id='line_1_39' title="bbox 144 4142 1304 4224; baseline 0 -24"><span class='ocrx_word' id='word_1_299' title='bbox 144 4159 156 4174; x_wconf 83' lang='lat'><em>·</em></span> <span class='ocrx_word' id='word_1_300' title='bbox 224 4142 396 4224; x_wconf 67' lang='lat' dir='ltr'>sonorum]</span> <span class='ocrx_word' id='word_1_301' title='bbox 409 4145 442 4202; x_wconf 89' lang='lat' dir='ltr'>Si</span> <span class='ocrx_word' id='word_1_302' title='bbox 455 4145 763 4221; x_wconf 69' lang='lat' dir='ltr'>assentirenturuffia</span> <span class='ocrx_word' id='word_1_303' title='bbox 771 4145 895 4206; x_wconf 84' lang='lat' dir='ltr'>libenter</span> <span class='ocrx_word' id='word_1_304' title='bbox 903 4147 1036 4207; x_wconf 83' lang='lat' dir='ltr'>delerem</span> <span class='ocrx_word' id='word_1_305' title='bbox 1046 4165 1152 4206; x_wconf 87' lang='lat' dir='ltr'>vocem</span> <span class='ocrx_word' id='word_1_306' title='bbox 1163 4149 1304 4213; x_wconf 64' lang='lat' dir='ltr'>vamum,</span> 
     </span>
     <span class='ocr_line' id='line_1_40' title="bbox 183 4223 622 4299; baseline -0.002 -15"><span class='ocrx_word' id='word_1_307' title='bbox 183 4223 251 4299; x_wconf 84' lang='lat' dir='ltr'>quia</span> <span class='ocrx_word' id='word_1_308' title='bbox 264 4237 458 4298; x_wconf 81' lang='lat' dir='ltr'>praecesserat</span> <span class='ocrx_word' id='word_1_309' title='bbox 470 4232 622 4284; x_wconf 77' lang='lat' dir='ltr'>acaricum.</span> 
     </span>
    </p>

    <p class='ocr_par' dir='ltr' id='par_1_7' title="bbox 181 4302 1396 4617">
     <span class='ocr_line' id='line_1_41' title="bbox 224 4302 1303 4385; baseline 0.005 -29"><span class='ocrx_word' id='word_1_310' title='bbox 224 4308 344 4374; x_wconf 78' lang='lat' dir='ltr'>cneque</span> <span class='ocrx_word' id='word_1_311' title='bbox 358 4305 476 4382; x_wconf 82' lang='lat' dir='ltr'>integra</span> <span class='ocrx_word' id='word_1_312' title='bbox 493 4309 587 4385; x_wconf 81' lang='lat' dir='ltr'>nodis]</span> <span class='ocrx_word' id='word_1_313' title='bbox 612 4309 656 4366; x_wconf 89' lang='lat' dir='ltr'>Ita</span> <span class='ocrx_word' id='word_1_314' title='bbox 669 4307 813 4367; x_wconf 84' lang='lat' dir='ltr'>editiones</span> <span class='ocrx_word' id='word_1_315' title='bbox 836 4303 996 4367; x_wconf 87' lang='lat' dir='ltr'>Omnibcni</span> <span class='ocrx_word' id='word_1_316' title='bbox 1020 4302 1181 4364; x_wconf 86' lang='lat' dir='ltr'>Leoniceni</span> <span class='ocrx_word' id='word_1_317' title='bbox 1194 4303 1303 4364; x_wconf 89' lang='lat' dir='ltr'>Venet.</span> 
     </span>
     <span class='ocr_line' id='line_1_42' title="bbox 189 4383 1303 4464; baseline 0.004 -28"><span class='ocrx_word' id='word_1_318' title='bbox 189 4385 273 4450; x_wconf 83' lang='lat'>1492,</span> <span class='ocrx_word' id='word_1_319' title='bbox 286 4395 317 4440; x_wconf 85' lang='lat' dir='ltr'>et</span> <span class='ocrx_word' id='word_1_320' title='bbox 330 4384 484 4444; x_wconf 79' lang='lat' dir='ltr'>Lambiuia</span> <span class='ocrx_word' id='word_1_321' title='bbox 504 4403 631 4464; x_wconf 88' lang='lat' dir='ltr'>eamque</span> <span class='ocrx_word' id='word_1_322' title='bbox 643 4387 800 4446; x_wconf 85' lang='lat' dir='ltr'>lectionem</span> <span class='ocrx_word' id='word_1_323' title='bbox 808 4385 949 4447; x_wconf 83' lang='lat' dir='ltr'>exhibent</span> <span class='ocrx_word' id='word_1_324' title='bbox 962 4383 1043 4448; x_wconf 85' lang='lat' dir='ltr'>MSti</span> <span class='ocrx_word' id='word_1_325' title='bbox 1057 4388 1140 4444; x_wconf 87' lang='lat' dir='ltr'>Cant.</span> <span class='ocrx_word' id='word_1_326' title='bbox 1157 4383 1255 4442; x_wconf 85' lang='lat' dir='ltr'>Mcad.</span> <span class='ocrx_word' id='word_1_327' title='bbox 1273 4389 1303 4441; x_wconf 82' lang='lat' dir='ltr'>et</span> 
     </span>
     <span class='ocr_line' id='line_1_43' title="bbox 182 4459 1396 4549; baseline 0.005 -34"><span class='ocrx_word' id='word_1_328' title='bbox 182 4459 266 4549; x_wconf 69' lang='lat' dir='ltr'>Harl.</span> <span class='ocrx_word' id='word_1_329' title='bbox 278 4465 305 4514; x_wconf 80' lang='lat'>2.</span> <span class='ocrx_word' id='word_1_330' title='bbox 314 4459 344 4518; x_wconf 86' lang='lat' dir='ltr'>in</span> <span class='ocrx_word' id='word_1_331' title='bbox 358 4460 510 4538; x_wconf 69' lang='lat' dir='ltr'>margine:</span> <span class='ocrx_word' id='word_1_332' title='bbox 529 4478 560 4529; x_wconf 82' lang='lat' dir='ltr'>et</span> <span class='ocrx_word' id='word_1_333' title='bbox 572 4464 614 4528; x_wconf 83' lang='lat' dir='ltr'>ita</span> <span class='ocrx_word' id='word_1_334' title='bbox 625 4465 734 4528; x_wconf 80' lang='lat' dir='ltr'>Cicero</span> <span class='ocrx_word' id='word_1_335' title='bbox 748 4465 859 4546; x_wconf 83' lang='lat' dir='ltr'>saepius</span> <span class='ocrx_word' id='word_1_336' title='bbox 868 4465 1037 4548; x_wconf 85' lang='lat' dir='ltr'>loquisclet,</span> <span class='ocrx_word' id='word_1_337' title='bbox 1051 4464 1152 4544; x_wconf 75' lang='lat' dir='ltr'>quim,</span> <span class='ocrx_word' id='word_1_338' title='bbox 1166 4477 1198 4523; x_wconf 87' lang='lat' dir='ltr'>ut</span> <span class='ocrx_word' id='word_1_339' title='bbox 1209 4462 1300 4541; x_wconf 76' lang='lat' dir='ltr'>vulgo</span> <span class='ocrx_word' id='word_1_340' title='bbox 1395 4469 1396 4474; x_wconf 77' lang='grc'>’</span> 
     </span>
     <span class='ocr_line' id='line_1_44' title="bbox 181 4537 1187 4617; baseline -0.004 -17"><span class='ocrx_word' id='word_1_341' title='bbox 181 4539 320 4616; x_wconf 62' lang='lat' dir='ltr'>lammae,</span> <span class='ocrx_word' id='word_1_342' title='bbox 333 4537 493 4617; x_wconf 83' lang='lat' dir='ltr'>inintegra.</span> <span class='ocrx_word' id='word_1_343' title='bbox 662 4545 666 4553; x_wconf 74' lang='grc'><em>’</em></span> <span class='ocrx_word' id='word_1_344' title='bbox 943 4561 946 4566; x_wconf 90' lang='grc'><strong><em>·</em></strong></span> <span class='ocrx_word' id='word_1_345' title='bbox 1124 4557 1127 4562; x_wconf 51' lang='lat'>¹</span> <span class='ocrx_word' id='word_1_346' title='bbox 1183 4559 1187 4568; x_wconf 71' lang='lat'><strong><em>¹</em></strong></span> 
     </span>
    </p>
   </div>
   <div class='ocr_carea' id='block_1_5' title="bbox 0 0 1420 5014">
    <p class='ocr_par' dir='ltr' id='par_1_8' title="bbox 0 0 1420 5014">
     <span class='ocr_line' id='line_1_45' title="bbox 0 0 1420 5014; baseline 0 7"><span class='ocrx_word' id='word_1_347' title='bbox 0 0 1420 5014; x_wconf 95' lang='lat' dir='ltr'> </span> 
     </span>
    </p>
   </div>
  </div>
 </body>
</html>
