2830 5014
503 399 634 464 ⁴LIBER
653 403 712 466 111.
737 407 778 466 ta.
1125 417 1182 476 223

66 555 138 630 illis
154 561 283 636 autem,
306 565 603 652 quaeremanent,
631 554 905 656 eaphilosophia,
929 577 1013 653 quae
1030 559 1184 653 suscepit

62 653 298 752 patrocinium
308 652 501 749 voluptatis,
517 654 583 726 etsi
599 658 655 728 cul
672 681 753 728 vera
766 655 935 735 videatur,
953 654 1072 752 procul
1084 657 1184 727 abest

62 765 188 826 tamen
204 755 245 824 ab
256 776 299 822 eo
309 751 390 832 viro,
409 775 517 847 quem
527 754 727 848 quaerimus,
744 765 782 826 et
793 769 897 848 quem
906 764 1083 826 auctorem
1099 756 1184 849 puts

64 851 126 924 lici
145 851 286 932 consilii,
310 861 347 924 et
360 851 528 946 regendae
553 852 701 925 civitatis
716 851 853 934 ducem,
879 862 915 924 et
931 852 1118 925 sententiae
1133 861 1182 923 at-

63 976 140 1048 que
152 950 363 1046 eloquentiae
377 948 568 1046 principem
582 950 618 1022 in
634 958 766 1031 senatu,
793 952 829 1022 in
845 951 988 1047 populo,
1005 951 1042 1022 in
1055 950 1191 1023 caussis*

62 1048 302 1145 publicisesse
312 1050 482 1120 volumus.
533 1049 568 1120 N
571 1073 612 1120 eo
624 1051 695 1121 ullu
709 1059 825 1122 tamen
836 1049 866 1120 ei
880 1049 1107 1146 philosophiae
1119 1051 1182 1120 fiet

64 1147 190 1243 injuria
203 1146 336 1240 anobis
347 1173 360 1218 :v
373 1172 445 1220 non
459 1146 552 1218 enirn
569 1148 756 1242 repelletur
770 1145 863 1225 inde,
879 1144 952 1243 quir
969 1147 1106 1242 aggredi
1123 1163 1192 1218 che·

62 1245 152 1342 piet,
177 1246 240 1316 sed
256 1243 295 1316 in
309 1245 450 1318 hortulis
467 1245 626 1338 quiescet
642 1246 723 1324 suis,
747 1245 804 1316 ubi
819 1244 911 1332 vult;
936 1246 994 1316 ubi
1011 1245 1114 1317 etiam
1130 1267 1180 1315 re·

62 1345 202 1416 cubans
214 1343 366 1414 molliter
380 1355 417 1414 et
432 1343 576 1414 delicate
596 1365 662 1414 nos
673 1351 790 1414 avocat
807 1343 979 1425 anostris,
1006 1347 1026 1414 a
1035 1343 1181 1438 judiciis,

66 1441 208 1522 acaria,
225 1439 369 1514 fortasse
382 1443 567 1538 sapienter,
584 1441 647 1512 hac
662 1441 851 1536 praesertim
861 1441 1055 1536 Republica.
1106 1442 1182 1513 Ve-

63 1539 149 1612 rirm
161 1565 226 1638 ego
250 1567 324 1614 non
336 1563 460 1636 quaero
477 1563 585 1620 nunc,
609 1561 694 1636 quae
712 1539 758 1610 sit
772 1537 982 1636 philosophia
995 1539 1181 1619 verissima,

65 1638 133 1708 sed
146 1662 227 1734 quae
241 1638 366 1712 oratori
378 1637 566 1734 conjuncta
581 1637 742 1710 maxime.
790 1637 911 1719 Quare
922 1638 1007 1710 istos
1023 1637 1099 1710 sine
1111 1638 1194 1710 ulla·

66 1738 279 1810 contumelia
294 1738 533 1818 dimittamus;
558 1748 645 1808 sunt
661 1737 757 1808 eninr
774 1743 811 1806 et
831 1736 911 1808 boni
934 1736 1006 1815 viri,
1029 1747 1074 1816 et,
1098 1761 1184 1832 quo·

64 1833 164 1906 niam
177 1835 240 1908 sibi
250 1836 296 1906 ita
307 1834 482 1916 videntur,
499 1833 602 1907 beati:
629 1831 843 1929 tantumque
853 1857 913 1906 eos
923 1836 1183 1916 admoneamus,

64 1943 113 2003 ut
139 1931 237 2012 illud,
262 1933 360 2004 etiam
386 1933 413 2004 si
430 1941 483 2004 est
506 1932 734 2014 verissimum,
759 1933 1076 2015 ⁸taoitumtamen,
1102 1945 1194 2006 tarn-¹

66 2053 176 2125 quam
186 2031 390 2113 misterium,
415 2039 567 2112 teneant,
594 2030 707 2114 Quod
719 2044 850 2130 negant
861 2026 982 2105 versari
998 2033 1035 2104 in
1052 2033 1186 2128 Repuh

64 2128 134 2201 lica
149 2151 224 2200 esse
235 2130 412 2227 sapientis:
437 2155 531 2210 nam,
556 2130 583 2202 si
601 2129 669 2204 hoo
685 2132 785 2205 nobis
801 2147 905 2228 atque
915 2132 1047 2229 optimo
1057 2132 1185 2224 cuique

63 2229 314 2323 persuaserint,
338 2251 413 2302 non
430 2236 597 2326 poterunt
612 2229 674 2330 ipsi
691 2251 779 2310 esse,
804 2230 838 2302 id
854 2231 950 2326 quod
965 2228 1111 2302 maxime
1125 2251 1184 2298 cu·

63 2324 184 2421 piunt,
209 2326 318 2398 otiosi.
525 2407 528 2415 ,
811 2383 814 2391 ,
1101 2403 1104 2410 ,

105 2419 262 2518 ¹XVIII.
287 2426 422 2502 Stoicos
436 2440 567 2514 autem,
591 2429 836 2530 quosminime
855 2429 1022 2527 improbo,
1047 2426 1184 2501 dimitto

66 2528 208 2598 tamen:
233 2551 369 2600 neoeos
389 2529 495 2605 iratos
510 2556 640 2610 vereor,
664 2531 829 2627 quoniam
845 2527 991 2602 omnino
1002 2527 1097 2600 irasci
1112 2551 1186 2600 nes-

65 2620 196 2694 ciunt:
221 2632 323 2719 atque
348 2628 436 2701 hane
459 2629 500 2700 iis
519 2629 627 2700 habeo
644 2628 798 2726 gratiam,
823 2626 920 2724 qued
937 2626 1002 2696 soli
1018 2651 1063 2698 cx
1076 2626 1183 2697 omni·

65 2721 138 2804 bus
164 2720 394 2818 eloquentiam
417 2727 582 2798 virtutem
604 2751 643 2800 ac
667 2726 872 2822 sapientiam
895 2745 977 2794 esse
1001 2721 1183 2792 dixerunt:

68 2814 88 2865 9
106 2819 170 2892 sed
187 2829 375 2919 utrumque
387 2833 440 2896 est
452 2823 489 2898 in
504 2824 572 2906 his,
588 2825 683 2920 quod
699 2827 742 2898 ab
753 2825 831 2908 hoo,
847 2843 953 2921 quem
969 2817 1183 2928 instruimus,

67 2928 205 2990 oratore
235 2919 331 2996 valde
353 2924 550 3004 abhorreat,
567 2924 621 2995 vel
649 2921 749 3019 qued
772 2945 909 3001 omnes,
933 2918 994 3016 qui
1010 2923 1185 3014 sapientes

66 3041 146 3090 non
162 3016 246 3100 sint,
271 3019 303 3068 1⁰
319 3045 445 3117 servos,
469 3021 631 3103 latrones,
647 3021 774 3102 hostes,
798 3022 939 3116 insanos
950 3039 1024 3090 esse
1039 3016 1186 3101 dieunt3

112 3191 130 3239 8
143 3187 226 3240 ctiam
240 3187 266 3238 ei
277 3184 536 3266 serenissimum]
558 3185 645 3244 Forte
661 3188 821 3264 legendum
833 3194 885 3252 est,
899 3185 983 3238 etiam
996 3182 1021 3236 ei
1035 3177 1073 3237 sit
1092 3177 1187 3238 veris-
1227 3230 1231 3236 .

67 3263 206 3330 simum3
226 3275 260 3322 ut
283 3265 379 3322 minias
407 3269 462 3323 hoe
481 3280 561 3325 esset
580 3267 777 3324 concedentis.
819 3263 868 3320 Sic
895 3263 992 3338 paullo
1005 3272 1070 3318 ante
1083 3259 1115 3316 in
1130 3259 1185 3318 hoc

66 3341 170 3416 capite
184 3343 220 3400 de
234 3342 339 3409 stadem
348 3381 352 3388 ,
361 3345 576 3420 Epicureorum
600 3345 784 3422 philosophia
806 3344 921 3402 dixerat
934 3341 1053 3409 Noster,
1074 3344 1128 3396 etsi
1142 3343 1186 3397 cui

66 3439 145 3477 vcra
156 3420 297 3481 videatur.
786 3441 815 3470 *r
943 3429 946 3436 ’

111 3507 130 3555 9
144 3506 195 3558 sed
208 3515 361 3576 utramque
375 3519 419 3562 est
431 3508 461 3562 in
473 3509 526 3576 laia,
540 3509 617 3577 quod
628 3509 662 3562 ab
676 3513 736 3575 hoc,
758 3503 834 3585 ete]
853 3507 976 3563 Crassus
998 3499 1110 3560 Stoicos
1128 3515 1187 3556 non

68 3580 190 3640 omuino
203 3581 356 3658 improbat,
370 3588 422 3645 setl
431 3599 519 3662 negat
528 3603 633 3644 eorum
647 3585 861 3661 philosophiam
875 3585 979 3644 utilem
999 3600 1063 3638 esse
1078 3578 1187 3638 oratori

67 3673 191 3734 propter
203 3664 276 3733 duas
289 3664 415 3724 rationes
426 3689 434 3736 3
454 3665 522 3742 quia
535 3677 566 3723 et
579 3665 732 3724 sententiis
745 3677 775 3722 et
789 3683 898 3741 genere
913 3661 1029 3719 dicendi
1042 3659 1188 3735 discrepat

26 3763 27 3768 ¹
67 3741 106 3795 ab
132 3741 297 3815 eloquendi
318 3743 427 3803 forensi
449 3759 479 3803 et
501 3744 641 3820 populari.
682 3744 838 3818 Discrepat
859 3740 1021 3810 sententiis,
1048 3742 1187 3818 quoniam

26 3847 27 3870 i
68 3817 168 3875 Stoici
181 3819 282 3879 dieunt
299 3823 473 3898 insipientes
494 3825 607 3902 (quales
627 3837 693 3881 sunt
713 3824 831 3899 omnes)
845 3839 910 3880 esse
925 3839 1035 3889 servos,
1049 3823 1186 3885 latrones,

27 3951 28 3956 ,
67 3908 128 3955 etc.
171 3895 326 3976 Discrepat
339 3917 439 3962 autem
454 3923 565 3980 genere
580 3902 705 3973 dicendi,
719 3902 858 3979 quoniam
873 3901 918 3958 illi
931 3899 1057 3960 nimihm
1081 3901 1186 3957 dialec·

28 4049 29 4052 Ἴ
67 3975 128 4034 tice
145 3977 315 4053 loquuntur,
329 3993 358 4039 et
368 3983 452 4042 acute
467 3979 651 4048 concludunt,
665 4001 721 4039 non
737 3979 873 4039 suavitate
889 3982 1042 4040 delectant.
1082 3977 1186 4039 vides,

29 4083 33 4208 ᾖ

69 4055 190 4122 Ῑιθῦῒθΐ,
210 4055 394 4119 themeritates
408 4063 454 4140 (ut
466 4066 584 4140 vocant)
597 4083 605 4130 ;
627 4060 695 4119 crim
707 4061 786 4118 enirn
799 4059 907 4118 Cicero
919 4061 1040 4126 dixerat,
1050 4060 1099 4114 vel
1105 4051 1186 4123 quida

68 4154 127 4194 non
141 4135 250 4211 repetit
257 4143 429 4212 particulam
439 4147 495 4209 vel,
506 4144 558 4200 sed
568 4139 742 4208 sententiam·
750 4139 792 4195 sic
802 4141 897 4203 variat,
912 4143 1028 4198 Accedit
1038 4134 1119 4206 quad,
1130 4143 1184 4187 etc.

115 4222 148 4270 lo
167 4235 281 4284 amos,
295 4223 429 4291 latrones,
443 4227 546 4288 hostes,
561 4226 685 4287 insanos,
698 4215 770 4296 eto]
781 4219 866 4290 Quos
880 4221 929 4278 hic
943 4219 1047 4274 Cicero
1061 4213 1188 4287 appellat

68 4298 203 4364 latrones,
215 4298 245 4354 in
255 4299 309 4355 Or.
321 4316 374 4373 pro
384 4302 513 4359 Murena
526 4301 660 4358 videntur
674 4299 838 4374 significare
854 4300 1078 4366 voeesut‘itivos
1095 4308 1102 4345 τ’
1122 4293 1189 4349 haec

69 4374 151 4432 enim
166 4389 232 4435 sont
241 4377 307 4454 ejus
321 4382 409 4437 verba
420 4381 448 4437 in
458 4399 482 4436 c.
493 4387 539 4434 29.
580 4383 649 4435 Fuit
662 4383 776 4450 quidam
789 4399 898 4435 summo
907 4377 1020 4445 ingenio
1034 4378 1092 4441 vir,
1107 4372 1192 4440 Zeno,

70 4455 348 4528 cujacinvenroram
359 4462 447 4515 emuli
464 4463 552 4515 Stoici
564 4462 753 4514 seminantur.
796 4459 892 4528 Hujus
908 4457 1053 4512 sententie
1074 4463 1151 4519 arant,
1165 4462 1192 4506 ct

66 4541 213 4602 praccepta
229 4537 367 4608 ejusmodi
383 4559 617 4606 ,·-—-·--·-nos,
634 4541 680 4609 qui
693 4543 834 4607 sapientes
848 4553 902 4588 non
916 4551 1026 4600 eumue,
1033 4535 1194 4612 fugitivos,

71 4619 195 4685 excides,
218 4619 323 4690 hoster,
341 4619 459 4676 insanos
474 4623 596 4689 denique
612 4623 795 4676 exseruerint.
836 4615 876 4672 Et
889 4625 987 4672 tumen
998 4612 1122 4672 dubium
1143 4618 1197 4676 0³lr

612 4697 678 4773 (ἧς
