2830 5014
207 323 261 380 rsa
639 315 922 412 nacarroas

204 462 338 540 Antoni
351 492 362 551 ;
385 463 469 538 oum
481 462 538 538 ille
555 465 576 538 ὲ
591 487 631 540 se
646 468 829 566 pecuniam
845 467 1040 566 profectam
1053 444 1188 540 diceret
1201 465 1322 547 taus,

203 574 242 636 et
253 563 396 636 haberet
410 561 522 638 lilium
533 565 778 647 delicatiorem,
793 567 942 640 abeunte
954 567 1026 664 jam
1042 564 1111 649 illo,
1200 567 1203 574 ’

245 663 356 721 Sentin’
369 683 466 722 sertem
479 685 541 724 esre
554 679 662 726 tectum
674 671 796 742 triginta
810 671 892 724 mirae
906 667 926 724 ἒ

201 745 250 824 ln
265 750 330 826 hoc
342 774 455 848 genus
473 754 707 853 conjiciuntur
731 753 927 852 proverbio3
952 752 1109 826 utillud
1136 749 1324 851 Scipionis,

200 848 283 920 cum
295 847 438 924 Asellus
450 875 575 926 omnes
588 851 777 950 prouincias
793 851 963 950 stipendia
971 858 1163 924 merentem
1174 876 1214 924 se
1226 873 1324 948 pera·

200 969 316 1044 grasse
343 947 556 1045 gloriaretm,
581 975 669 1046 ugos
694 951 853 1031 asellum,
869 951 935 1024 8et
950 959 1088 1024 caetera.
1110 985 1115 992 ·
1138 949 1262 1034 Quare
1281 970 1329 1020 ea

198 1065 351 1212 guoque,
365 1047 533 1141 quoniam
548 1050 690 1126 mutatis
706 1050 819 1124 verbis
830 1049 1064 1148 non‘possunt
1074 1046 1221 1120 retinere
1237 1071 1328 1118 ean·

223 1163 279 1213 em
295 1153 521 1226 venustatem,
540 1171 615 1220 non
631 1148 668 1220 in
685 1173 734 1230 re,
748 1147 859 1222 sedin
876 1147 986 1222 verbis
999 1146 1111 1244 posita
1127 1145 1324 1218 ducantur.

198 1239 265 1312 Est
279 1239 384 1314 etiam
398 1241 437 1314 in
459 1243 563 1314 verbo
591 1245 743 1339 positum
773 1268 848 1317 non
875 1244 1047 1320 insulsum
1064 1267 1191 1342 genus,
1208 1266 1252 1316 ex
1266 1265 1329 1322 eu,

198 1335 282 1410 clrm
297 1339 342 1410 ad
353 1340 506 1420 verbum,
523 1362 596 1413 non
614 1340 663 1412 ad·
673 1341 881 1414 sententiam
897 1366 969 1414 rem
992 1343 1148 1436 accipere
1164 1340 1327 1416 videare:

198 1459 243 1506 ex
260 1461 332 1532 quo
343 1459 417 1510 uno
433 1461 564 1534 genere
581 1448 676 1512 totus
693 1445 746 1512 est
760 1439 891 1519 Tutor,
906 1438 1034 1510 mimus
1049 1449 1163 1517 vetus,
1187 1434 1325 1534 oppidi>

197 1532 373 1610 ridiculus
424 1537 494 1611 Sed
510 1537 594 1610 abeo
610 1536 785 1622 amimis3
820 1535 956 1612 tantum
972 1561 1086 1634 genus
1106 1533 1214 1629 hujus
1240 1534 1328 1607 ridi·

197 1631 269 1706 culi
286 1631 414 1730 insigni
438 1633 482 1708 ali
507 1658 553 1707 ua
568 1644 605 1708 et
621 1645 758 1710 nota're
775 1634 889 1708 notari
905 1634 992 1706 volo.
1043 1637 1112 1706 Est
1127 1645 1249 1704 autem
1275 1654 1330 1702 ex

196 1730 266 1804 hoc
281 1755 410 1827 genere
426 1661 525 1815 illul,
546 1735 643 1832 quod
671 1743 723 1816 tu,
740 1733 873 1814 Crasse,
890 1757 1001 1828 nuper
1018 1732 1062 1827 ei,
1077 1730 1138 1826 qui
1156 1740 1191 1802 te
1208 1751 1327 1824 rogas-

196 1837 265 1910 set,
283 1831 387 1906 ⁹num
405 1831 465 1906 tibi
480 1832 640 1909 molestus
651 1842 739 1907 esset
753 1841 904 1912 arturus,
918 1833 951 1902 si
967 1830 1013 1902 ad
1027 1840 1061 1902 te
1077 1829 1158 1902 derra
1168 1834 1248 1900 ante
1265 1826 1323 1898 lu·

197 1947 269 1998 cem
287 1932 458 2002 venisset:
488 1929 543 2000 Tu
559 1932 647 2011 veri,
659 1930 818 2024 inquisti,
836 1929 994 2002 molestus
1008 1953 1071 2000 riori
1086 1927 1159 2000 eris
1172 1951 1183 1997 :
1218 1924 1323 2006 Jube·¹

196 2021 247 2094 bis
260 2025 374 2114 agiae
403 2035 449 2105 te,
475 2025 603 2120 inquit,
619 2025 817 2100 suscitari?
841 2034 876 2096 et
899 2035 952 2106 tu,
969 2025 983 2072 1
999 2029 1092 2096 certi³
1106 2047 1273 2115 negaram
1288 2033 1325 2095 te

196 2121 559 2218 molestamfatumm.
608 2124 665 2196 Ex
681 2123 808 2196 eodem
833 2123 900 2196 hoc
917 2133 1019 2196 vetus
1035 2121 1124 2202 illud
1137 2129 1206 2202 est,
1221 2121 1324 2218 quod

195 2219 296 2293 aiunt
311 2220 592 2318 Maluginensem
604 2222 702 2296 illum
720 2222 773 2294 M.
787 2220 995 2317 Scipionem,
1007 2220 1091 2294 cum
1107 2222 1178 2292 2ex
1201 2230 1323 2294 centu·

195 2317 247 2398 ria
263 2343 329 2392 sua
341 2319 563 2394 renuntiaret
578 2319 768 2394 Acidinum
786 2321 982 2400 consulem,
1008 2342 1197 2416 pnecoque
1219 2318 1320 2390 dixis·

197 2424 263 2495 set,
287 2415 345 2486 dic
367 2416 412 2488 de
429 2416 471 2486 L.
489 2417 651 2488 Manlio:
696 2415 817 2487 Virum
839 2415 967 2496 bortum,
988 2415 1117 2511 inquit,
1133 2419 1148 2467 3
1162 2451 1164 2457 “
1179 2418 1319 2510 egregi·
1392 2437 1393 2440 ’

195 2534 318 2605 umque
333 2512 441 2584 civem
457 2536 533 2584 esse
548 2512 706 2586 arbitror.
756 2511 917 2586 Ridicule
936 2512 1042 2588 etiam
1064 2513 1152 2588 illud
1169 2515 1219 2588 L,
1240 2515 1317 2588 Por-

195 2607 271 2684 cius
282 2607 408 2684 Nasica
419 2609 556 2684 censori
573 2608 713 2710 Catopi,
731 2609 1055 2692 nominetenus
1070 2615 1178 2725 ammi
1192 2623 1315 2688 serten-

195 2779 199 2791 “
236 2783 294 2833 Set
309 2773 437 2858 catere]
450 2775 645 2838 proverbium
668 2773 733 2846 fuit,
747 2794 819 2850 agua
838 2774 967 2846 asellum,
983 2781 1008 2834 ai
1024 2777 1127 2834 ,bovem
1153 2795 1241 2852 agere
1263 2797 1317 2834 noo

196 2875 283 2930 queas
294 2875 304 2912 .·
324 2875 384 2934 quo
394 2875 562 2930 monemur,
571 2869 615 2930 ut,
629 2856 779 2916 sibubulci
788 2874 853 2913 esse
863 2873 920 2913 non
930 2855 1089 2932 possimus,
1095 2855 1210 2914 asinarii
1222 2856 1317 2918 simus

175 2939 308 3006 ,saltem
351 2937 517 2996 Turnebus.

198 3033 201 3038 ·
235 3023 253 3072 9
268 3035 336 3073 nmo
349 3019 400 3072 tibi
412 3021 547 3075 molestae
560 3015 652 3156 esaei}
674 3015 778 3095 Vulgi>
793 3033 869 3074 noer:
890 3017 942 3077 sed
955 3035 1022 3074 num
1043 3024 1124 3075 extat
1136 3013 1166 3074 in
1179 3016 1321 3077 omnibus

196 3095 295 3156 MStis
304 3108 334 3155 et
345 3109 402 3157 vet
413 3096 607 3168 editionibus;
649 3117 765 3158 esensu
775 3097 832 3157 loci
846 3097 914 3158 vide
928 3098 1038 3156 Notum¹
1054 3108 1235 3171 sequentem.
1300 3125 1303 3128 ·

240 3182 250 3231 t
268 3173 345 3234 certi
355 3195 494 3252 negaram
513 3191 540 3235 te
555 3185 701 3238 molestum
710 3175 871 3258 satiarem]
895 3181 928 3236 ln
941 3169 1068 3252 vulgatis
1081 3170 1258 3235 editionibus
1277 3178 1317 3236 le·
1390 3225 1391 3232 ,

196 3253 296 3332 gimus
309 3273 444 3328 negaras,
457 3261 547 3330 nullo,
562 3259 673 3338 opinor,
688 3277 798 3318 sensus
820 3257 934 3332 Recepi
944 3255 1038 3334 igitur
1050 3253 1208 3316 lectionem
1233 3253 1315 3316 MSti
1390 3253 1391 3277 ¹

194 3335 278 3392 Harl.
293 3341 316 3390 l.
331 3353 492 3414 veramque
512 3357 579 3402 eam
593 3357 659 3398 esse
675 3335 830 3416 sequentia
844 3339 997 3397 docebunt
1038 3333 1118 3394 Clam
1131 3336 1197 3412 quis
1215 3336 1315 3413 rogis·

194 3425 240 3473 set
254 3415 408 3487 Crassum,
419 3417 497 3475 Num
517 3421 542 3475 ei
556 3419 915 3488 molestataesaetsaturua,
931 3423 958 3474 ai
972 3419 1011 3473 ad
1024 3435 1087 3473 eum
1102 3418 1171 3472 bene
1191 3429 1261 3474 ante
1274 3422 1314 3474 Ia·

194 3513 252 3550 cem
266 3500 404 3565 venisset,
415 3493 565 3572 respondit
575 3497 714 3570 Crassus,¹
729 3498 772 3552 Pa
786 3515 856 3553 vere
871 3505 1004 3556 molestae
1015 3513 1071 3550 non
1085 3498 1165 3552 eris.-
1186 3496 1313 3555 ubiter-

193 3574 293 3630 hanon
307 3581 365 3634 erio
376 3572 515 3654 ambigua
534 3588 621 3644 sunt;
643 3576 674 3634 in
689 3575 792 3634 Latina
804 3576 885 3635 enim
898 3577 999 3653 lingua
1017 3585 1085 3633 sunt
1094 3578 1142 3634 vel
1153 3577 1313 3634 conceden-

194 3650 232 3710 tis
251 3655 296 3710 vel
309 3653 453 3732 negantis,
467 3670 627 3732 conansque
642 3655 689 3734 (ut
708 3655 836 3734 Anglice
860 3653 1028 3734 loquamur)
1045 3665 1094 3712 aut
1115 3674 1172 3726 you
1185 3659 1243 3714 wilt
1255 3667 1313 3722 not,
1389 3675 1390 3685 ¹

193 3735 245 3790 aut
257 3751 316 3804 you
340 3740 414 3791 anau
425 3749 495 3796 not.-
515 3739 550 3796 ln
564 3734 661 3812 priore
675 3754 765 3795 sensu
787 3735 888 3796 Crassi
903 3738 992 3796 verba
1014 3733 1159 3796 intellexit
1184 3734 1250 3804 iste,
1263 3733 1313 3810 qui

192 3811 294 3888 ipsum
308 3816 463 3873 consulere
477 3813 702 3884 voluit,etcl1m
716 3815 833 3876 veniam
852 3814 907 3874 sibi
926 3831 1100 3874 concessam
1109 3833 1176 3872 esse
1194 3813 1312 3874 arbitra·

191 3904 285 3961 retur,
299 3890 433 3972 subjecit,
456 3895 716 3968 lutediaigiturte
729 3895 891 3954 suscitari?
912 3897 972 3954 Sed
994 3894 1024 3952 in
1048 3893 1210 3967 posteriore
1225 3911 1312 3953 sensu
1388 3915 1389 3950 i

193 3990 225 4030 se
239 3975 372 4032 locutum
393 3971 486 4034 fuisse
500 3975 575 4037 dixit
588 3978 723 4047 Crassus,
747 3975 818 4036 cum
839 3973 999 4052 respondit,
1024 3972 1110 4033 Certi
1131 3991 1272 4051 negaram
1284 3984 1310 4028 te

191 4056 496 4134 molestumsuturum.
690 4117 693 4124 ,

231 4138 304 4191 2ex
329 4140 456 4193 centuria
478 4157 531 4194 aaa
549 4134 747 4218 renuntiaret]
771 4135 790 4194 i.
809 4155 835 4195 e.
858 4137 1017 4196 declararet
1041 4153 1126 4196 suam
1147 4132 1310 4194 centuriam

192 4211 380 4294 suffragatam
391 4235 469 4288 esse,
479 4229 513 4277 ut
526 4217 561 4274 L.
578 4217 708 4276 Manlius
717 4215 861 4276 Acidinus
870 4229 951 4276 esset
960 4214 1081 4275 Consul.
1103 4243 1105 4248 ·
1128 4225 1131 4232 '

232 4295 249 4344 3
263 4293 485 4376 egregiumque]
500 4298 546 4354 Ex
567 4315 604 4354 eo
626 4297 717 4355 Jocus
727 4308 784 4365 est,
799 4296 879 4376 quod
892 4291 1026 4369 egregius
1044 4293 1187 4372 significat
1200 4304 1232 4353 et
1248 4301 1310 4362 trrae

191 4371 298 4437 clarus,
306 4385 336 4429 et
345 4373 458 4447 &grege
469 4380 572 4433 ductas
584 4395 594 4432 .·
610 4377 732 4451 Nempe
745 4373 874 4454 Scipioni
883 4375 927 4434 illi
942 4377 1092 4435 videbatur
1106 4373 1239 4450 Manlius
1247 4372 1309 4448 dig·

190 4463 255 4516 nus,
265 4448 315 4523 qui
329 4450 486 4513 &centuria
499 4466 712 4531 suaptanquam
725 4460 742 4514 ὲ
756 4474 862 4534 grege,
872 4457 1092 4528 educereturad
1106 4455 1306 4515 Consulatum.

167 4555 173 4602 t
230 4533 303 4586 tex
318 4535 361 4590 tati
380 4535 467 4592 ammi
488 4531 655 4616 enitentia]
674 4534 761 4598 Lusit
783 4537 936 4602 Nasicain
959 4535 1099 4616 ambiguo
1112 4525 1201 4596 sinsu
1219 4531 1306 4611 hujus
1386 4579 1387 4604 2
