<?xml version="1.0" encoding="UTF-8"?>
<!DOCTYPE html PUBLIC "-//W3C//DTD XHTML 1.0 Transitional//EN"
    "http://www.w3.org/TR/xhtml1/DTD/xhtml1-transitional.dtd">
<html xmlns="http://www.w3.org/1999/xhtml" xml:lang="en" lang="en">
 <head>
  <title>
</title>
<meta http-equiv="Content-Type" content="text/html;charset=utf-8" />
  <meta name='ocr-system' content='tesseract 3.04.00' />
  <meta name='ocr-capabilities' content='ocr_page ocr_carea ocr_par ocr_line ocrx_word'/>
</head>
<body>
  <div class='ocr_page' id='page_1' title='image "./mtulliiciceroni00peargoog_0015.png"; bbox 0 0 2854 5016; ppageno 0'>
   <div class='ocr_carea' id='block_1_1' title="bbox 492 381 1266 465">
    <p class='ocr_par' dir='ltr' id='par_1_1' title="bbox 492 381 1266 465">
     <span class='ocr_line' id='line_1_1' title="bbox 492 381 1266 465; baseline -0.003 -2"><span class='ocrx_word' id='word_1_1' title='bbox 492 408 496 416; x_wconf 50' lang='lat'>*</span> <span class='ocrx_word' id='word_1_2' title='bbox 549 407 691 465; x_wconf 74' lang='lat' dir='ltr'><strong>nnuma</strong></span> <span class='ocrx_word' id='word_1_3' title='bbox 709 381 855 465; x_wconf 75' lang='lat' dir='ltr'><strong>onams‘.</strong></span> <span class='ocrx_word' id='word_1_4' title='bbox 1248 408 1266 461; x_wconf 72' lang='grc' dir='ltr'>τ</span> 
     </span>
    </p>
   </div>
   <div class='ocr_carea' id='block_1_2' title="bbox 147 544 1266 1912">
    <p class='ocr_par' dir='ltr' id='par_1_2' title="bbox 147 544 1257 706">
     <span class='ocr_line' id='line_1_2' title="bbox 147 544 1257 630; baseline -0.005 -20"><span class='ocrx_word' id='word_1_5' title='bbox 147 549 206 610; x_wconf 75' lang='lat' dir='ltr'><strong>vili</strong></span> <span class='ocrx_word' id='word_1_6' title='bbox 220 548 237 606; x_wconf 70' lang='lat' dir='ltr'><strong>a·</strong></span> <span class='ocrx_word' id='word_1_7' title='bbox 250 549 397 609; x_wconf 73' lang='lat' dir='ltr'><strong>Statulae</strong></span> <span class='ocrx_word' id='word_1_8' title='bbox 413 548 525 608; x_wconf 85' lang='lat' dir='ltr'><strong>studiis</strong></span> <span class='ocrx_word' id='word_1_9' title='bbox 539 567 600 606; x_wconf 88' lang='lat' dir='ltr'><strong>non</strong></span> <span class='ocrx_word' id='word_1_10' title='bbox 612 551 807 619; x_wconf 73' lang='lat' dir='ltr'><strong>abhorrebat,</strong></span> <span class='ocrx_word' id='word_1_11' title='bbox 827 557 942 608; x_wconf 85' lang='lat' dir='ltr'><strong>tantum</strong></span> <span class='ocrx_word' id='word_1_12' title='bbox 953 545 1026 606; x_wconf 61' lang='grc' dir='ltr'><strong>γετὸ</strong></span> <span class='ocrx_word' id='word_1_13' title='bbox 1037 544 1140 630; x_wconf 82' lang='lat' dir='ltr'><strong>virum</strong></span> <span class='ocrx_word' id='word_1_14' title='bbox 1153 546 1257 622; x_wconf 86' lang='lat' dir='ltr'><strong>proxi·</strong></span> 
     </span>
     <span class='ocr_line' id='line_1_3' title="bbox 149 627 960 706; baseline -0.005 -18"><span class='ocrx_word' id='word_1_15' title='bbox 149 649 213 690; x_wconf 83' lang='lat' dir='ltr'><strong>mae</strong></span> <span class='ocrx_word' id='word_1_16' title='bbox 228 633 265 687; x_wconf 93' lang='lat' dir='ltr'><strong>de</strong></span> <span class='ocrx_word' id='word_1_17' title='bbox 278 629 361 706; x_wconf 84' lang='lat' dir='ltr'><strong>jocis</strong></span> <span class='ocrx_word' id='word_1_18' title='bbox 375 627 573 702; x_wconf 81' lang='lat' dir='ltr'><strong>disputationi</strong></span> <span class='ocrx_word' id='word_1_19' title='bbox 586 627 738 686; x_wconf 86' lang='lat' dir='ltr'><strong>interesse</strong></span> <span class='ocrx_word' id='word_1_20' title='bbox 753 647 812 687; x_wconf 87' lang='lat' dir='ltr'><strong>non</strong></span> <span class='ocrx_word' id='word_1_21' title='bbox 827 629 960 688; x_wconf 83' lang='lat' dir='ltr'>decebat.</span> 
     </span>
    </p>

    <p class='ocr_par' dir='ltr' id='par_1_3' title="bbox 147 705 1263 1661">
     <span class='ocr_line' id='line_1_4' title="bbox 193 705 1258 784; baseline -0.002 -16"><span class='ocrx_word' id='word_1_22' title='bbox 193 713 227 768; x_wconf 92' lang='lat' dir='ltr'><strong>ln</strong></span> <span class='ocrx_word' id='word_1_23' title='bbox 244 711 380 768; x_wconf 85' lang='lat' dir='ltr'><strong>secundo</strong></span> <span class='ocrx_word' id='word_1_24' title='bbox 394 707 469 764; x_wconf 82' lang='lat' dir='ltr'><strong>libro</strong></span> <span class='ocrx_word' id='word_1_25' title='bbox 484 720 586 784; x_wconf 84' lang='lat' dir='ltr'><strong>partes</strong></span> <span class='ocrx_word' id='word_1_26' title='bbox 602 706 792 764; x_wconf 85' lang='lat' dir='ltr'><strong>Inventionis</strong></span> <span class='ocrx_word' id='word_1_27' title='bbox 808 705 937 765; x_wconf 88' lang='lat' dir='ltr'><strong>Antonio</strong></span> <span class='ocrx_word' id='word_1_28' title='bbox 950 710 1130 776; x_wconf 78' lang='lat' dir='ltr'><strong>traduntur3</strong></span> <span class='ocrx_word' id='word_1_29' title='bbox 1151 706 1181 766; x_wconf 89' lang='lat' dir='ltr'><strong>in</strong></span> <span class='ocrx_word' id='word_1_30' title='bbox 1196 727 1258 784; x_wconf 80' lang='lat' dir='ltr'><strong>qua</strong></span> 
     </span>
     <span class='ocr_line' id='line_1_5' title="bbox 148 785 1258 864; baseline 0.001 -19"><span class='ocrx_word' id='word_1_31' title='bbox 148 787 267 864; x_wconf 77' lang='lat' dir='ltr'><strong>potius,</strong></span> <span class='ocrx_word' id='word_1_32' title='bbox 287 787 375 864; x_wconf 77' lang='lat' dir='ltr'><strong>quim</strong></span> <span class='ocrx_word' id='word_1_33' title='bbox 388 786 419 842; x_wconf 90' lang='lat' dir='ltr'><strong>in</strong></span> <span class='ocrx_word' id='word_1_34' title='bbox 433 800 539 845; x_wconf 84' lang='lat' dir='ltr'><strong>ornatu</strong></span> <span class='ocrx_word' id='word_1_35' title='bbox 559 785 716 852; x_wconf 83' lang='lat' dir='ltr'><strong>orationis,</strong></span> <span class='ocrx_word' id='word_1_36' title='bbox 737 787 896 846; x_wconf 80' lang='lat' dir='ltr'><strong>excelluit.</strong></span> <span class='ocrx_word' id='word_1_37' title='bbox 937 786 1045 845; x_wconf 83' lang='lat' dir='ltr'><strong>Omnia</strong></span> <span class='ocrx_word' id='word_1_38' title='bbox 1064 785 1163 864; x_wconf 85' lang='lat' dir='ltr'><strong>igitur</strong></span> <span class='ocrx_word' id='word_1_39' title='bbox 1177 805 1258 863; x_wconf 77' lang='lat' dir='ltr'><strong>prae-</strong></span> 
     </span>
     <span class='ocr_line' id='line_1_6' title="bbox 149 865 1260 944; baseline 0.001 -20"><span class='ocrx_word' id='word_1_40' title='bbox 149 865 349 943; x_wconf 20' lang='lat' dir='ltr'><strong>cepta-ponit,</strong></span> <span class='ocrx_word' id='word_1_41' title='bbox 370 885 409 924; x_wconf 88' lang='lat' dir='ltr'><strong>ex</strong></span> <span class='ocrx_word' id='word_1_42' title='bbox 432 865 543 942; x_wconf 89' lang='lat' dir='ltr'><strong>quibus</strong></span> <span class='ocrx_word' id='word_1_43' title='bbox 563 879 747 942; x_wconf 83' lang='lat' dir='ltr'><strong>argumenta</strong></span> <span class='ocrx_word' id='word_1_44' title='bbox 760 866 915 942; x_wconf 87' lang='lat' dir='ltr'><strong>possimus</strong></span> <span class='ocrx_word' id='word_1_45' title='bbox 929 884 1049 938; x_wconf 82' lang='lat' dir='ltr'><strong>eruere,</strong></span> <span class='ocrx_word' id='word_1_46' title='bbox 1068 865 1179 944; x_wconf 86' lang='lat' dir='ltr'><strong>quibus</strong></span> <span class='ocrx_word' id='word_1_47' title='bbox 1193 867 1260 925; x_wconf 87' lang='lat' dir='ltr'><strong>ani·</strong></span> 
     </span>
     <span class='ocr_line' id='line_1_7' title="bbox 149 943 1260 1026; baseline -0.003 -20"><span class='ocrx_word' id='word_1_48' title='bbox 149 965 221 1006; x_wconf 86' lang='lat' dir='ltr'><strong>mos</strong></span> <span class='ocrx_word' id='word_1_49' title='bbox 233 945 375 1024; x_wconf 90' lang='lat' dir='ltr'><strong>judicum</strong></span> <span class='ocrx_word' id='word_1_50' title='bbox 390 965 515 1004; x_wconf 84' lang='lat' dir='ltr'><strong>movere</strong></span> <span class='ocrx_word' id='word_1_51' title='bbox 529 958 561 1004; x_wconf 86' lang='lat' dir='ltr'><strong>et</strong></span> <span class='ocrx_word' id='word_1_52' title='bbox 574 945 662 1004; x_wconf 86' lang='lat' dir='ltr'><strong>nobis</strong></span> <span class='ocrx_word' id='word_1_53' title='bbox 677 945 861 1016; x_wconf 65' lang='lat' dir='ltr'><strong>conciliaret</strong></span> <span class='ocrx_word' id='word_1_54' title='bbox 881 945 941 1003; x_wconf 82' lang='lat' dir='ltr'><strong>trin</strong></span> <span class='ocrx_word' id='word_1_55' title='bbox 960 943 1015 1006; x_wconf 85' lang='lat' dir='ltr'><strong>illa</strong></span> <span class='ocrx_word' id='word_1_56' title='bbox 1034 963 1158 1021; x_wconf 79' lang='lat' dir='ltr'><strong>genera,</strong></span> <span class='ocrx_word' id='word_1_57' title='bbox 1175 943 1260 1026; x_wconf 90' lang='lat' dir='ltr'><strong>judi-</strong></span> 
     </span>
     <span class='ocr_line' id='line_1_8' title="bbox 149 1023 1261 1104; baseline 0.003 -22"><span class='ocrx_word' id='word_1_58' title='bbox 149 1025 241 1095; x_wconf 82' lang='lat' dir='ltr'><strong>ciale,</strong></span> <span class='ocrx_word' id='word_1_59' title='bbox 269 1025 513 1094; x_wconf 86' lang='lat' dir='ltr'><strong>deliberativum,</strong></span> <span class='ocrx_word' id='word_1_60' title='bbox 540 1025 825 1094; x_wconf 84' lang='lat' dir='ltr'><strong>demonstrativum,</strong></span> <span class='ocrx_word' id='word_1_61' title='bbox 854 1037 973 1092; x_wconf 84' lang='lat' dir='ltr'><strong>tractat,</strong></span> <span class='ocrx_word' id='word_1_62' title='bbox 1001 1023 1196 1104; x_wconf 86' lang='lat' dir='ltr'><strong>digitumque</strong></span> <span class='ocrx_word' id='word_1_63' title='bbox 1220 1025 1261 1085; x_wconf 86' lang='lat' dir='ltr'><strong>ad</strong></span> 
     </span>
     <span class='ocr_line' id='line_1_9' title="bbox 148 1102 1261 1183; baseline 0.002 -21"><span class='ocrx_word' id='word_1_64' title='bbox 148 1105 252 1164; x_wconf 80' lang='lat' dir='ltr'><strong>fontes</strong></span> <span class='ocrx_word' id='word_1_65' title='bbox 276 1107 437 1163; x_wconf 86' lang='lat' dir='ltr'><strong>intendens</strong></span> <span class='ocrx_word' id='word_1_66' title='bbox 457 1109 557 1173; x_wconf 87' lang='lat' dir='ltr'><strong>docet,</strong></span> <span class='ocrx_word' id='word_1_67' title='bbox 576 1107 730 1183; x_wconf 86' lang='lat' dir='ltr'><strong>quomodo</strong></span> <span class='ocrx_word' id='word_1_68' title='bbox 744 1125 789 1172; x_wconf 89' lang='lat' dir='ltr'><strong>ca,</strong></span> <span class='ocrx_word' id='word_1_69' title='bbox 809 1124 879 1182; x_wconf 78' lang='lat' dir='ltr'><strong>quae</strong></span> <span class='ocrx_word' id='word_1_70' title='bbox 893 1102 1033 1172; x_wconf 71' lang='lat' dir='ltr'><strong>universe</strong></span> <span class='ocrx_word' id='word_1_71' title='bbox 1046 1103 1200 1175; x_wconf 86' lang='lat' dir='ltr'><strong>dicuntur,</strong></span> <span class='ocrx_word' id='word_1_72' title='bbox 1219 1107 1261 1164; x_wconf 85' lang='lat' dir='ltr'><strong>ad</strong></span> 
     </span>
     <span class='ocr_line' id='line_1_10' title="bbox 148 1183 1262 1262; baseline 0.002 -20"><span class='ocrx_word' id='word_1_73' title='bbox 148 1203 400 1262; x_wconf 80' lang='lat' dir='ltr'><strong>unamquamque</strong></span> <span class='ocrx_word' id='word_1_74' title='bbox 423 1205 562 1245; x_wconf 83' lang='lat' dir='ltr'><strong>caussam</strong></span> <span class='ocrx_word' id='word_1_75' title='bbox 583 1186 693 1244; x_wconf 83' lang='lat' dir='ltr'><strong>referri</strong></span> <span class='ocrx_word' id='word_1_76' title='bbox 706 1185 832 1262; x_wconf 75' lang='lat' dir='ltr'><strong>possint</strong></span> <span class='ocrx_word' id='word_1_77' title='bbox 875 1187 925 1244; x_wconf 85' lang='lat' dir='ltr'><strong>Ad</strong></span> <span class='ocrx_word' id='word_1_78' title='bbox 940 1183 1153 1244; x_wconf 84' lang='lat' dir='ltr'><strong>Inventionem</strong></span> <span class='ocrx_word' id='word_1_79' title='bbox 1165 1185 1262 1260; x_wconf 81' lang='lat' dir='ltr'><strong>perti-</strong></span> 
     </span>
     <span class='ocr_line' id='line_1_11' title="bbox 149 1262 1262 1342; baseline 0.002 -20"><span class='ocrx_word' id='word_1_80' title='bbox 149 1279 229 1324; x_wconf 85' lang='lat' dir='ltr'><strong>nent</strong></span> <span class='ocrx_word' id='word_1_81' title='bbox 240 1262 322 1342; x_wconf 87' lang='lat' dir='ltr'><strong>joci;</strong></span> <span class='ocrx_word' id='word_1_82' title='bbox 344 1267 450 1324; x_wconf 84' lang='lat' dir='ltr'><strong>Caesar</strong></span> <span class='ocrx_word' id='word_1_83' title='bbox 462 1266 570 1342; x_wconf 81' lang='lat' dir='ltr'><strong>igitur,</strong></span> <span class='ocrx_word' id='word_1_84' title='bbox 584 1265 637 1342; x_wconf 92' lang='lat' dir='ltr'><strong>qui</strong></span> <span class='ocrx_word' id='word_1_85' title='bbox 651 1265 681 1323; x_wconf 91' lang='lat' dir='ltr'><strong>in</strong></span> <span class='ocrx_word' id='word_1_86' title='bbox 695 1263 734 1323; x_wconf 83' lang='lat' dir='ltr'><strong>iis</strong></span> <span class='ocrx_word' id='word_1_87' title='bbox 746 1265 885 1325; x_wconf 81' lang='lat' dir='ltr'><strong>omnibus</strong></span> <span class='ocrx_word' id='word_1_88' title='bbox 900 1262 1055 1340; x_wconf 65' lang='lat' dir='ltr'><strong>praestitit,</strong></span> <span class='ocrx_word' id='word_1_89' title='bbox 1068 1262 1139 1322; x_wconf 75' lang='lat' dir='ltr'><strong>lauit</strong></span> <span class='ocrx_word' id='word_1_90' title='bbox 1153 1265 1262 1340; x_wconf 86' lang='lat' dir='ltr'><strong>dispu-</strong></span> 
     </span>
     <span class='ocr_line' id='line_1_12' title="bbox 150 1343 1261 1423; baseline -0.002 -19"><span class='ocrx_word' id='word_1_91' title='bbox 150 1343 261 1404; x_wconf 85' lang='lat' dir='ltr'><strong>tationi</strong></span> <span class='ocrx_word' id='word_1_92' title='bbox 275 1343 368 1413; x_wconf 82' lang='lat' dir='ltr'><strong>adest,</strong></span> <span class='ocrx_word' id='word_1_93' title='bbox 387 1357 420 1404; x_wconf 90' lang='lat' dir='ltr'><strong>et</strong></span> <span class='ocrx_word' id='word_1_94' title='bbox 434 1363 472 1404; x_wconf 83' lang='lat' dir='ltr'><strong>ea</strong></span> <span class='ocrx_word' id='word_1_95' title='bbox 483 1344 595 1413; x_wconf 86' lang='lat' dir='ltr'><strong>omnia,</strong></span> <span class='ocrx_word' id='word_1_96' title='bbox 614 1365 683 1423; x_wconf 85' lang='lat' dir='ltr'><strong>quae</strong></span> <span class='ocrx_word' id='word_1_97' title='bbox 698 1347 736 1403; x_wconf 86' lang='lat' dir='ltr'><strong>de</strong></span> <span class='ocrx_word' id='word_1_98' title='bbox 750 1345 829 1423; x_wconf 85' lang='lat' dir='ltr'><strong>jocis</strong></span> <span class='ocrx_word' id='word_1_99' title='bbox 844 1345 994 1404; x_wconf 83' lang='lat' dir='ltr'><strong>didicerat</strong></span> <span class='ocrx_word' id='word_1_100' title='bbox 1007 1355 1060 1404; x_wconf 84' lang='lat' dir='ltr'><strong>aut</strong></span> <span class='ocrx_word' id='word_1_101' title='bbox 1074 1345 1261 1414; x_wconf 79' lang='lat' dir='ltr'><strong>observarat,</strong></span> 
     </span>
     <span class='ocr_line' id='line_1_13' title="bbox 147 1423 1263 1504; baseline -0.002 -22"><span class='ocrx_word' id='word_1_102' title='bbox 147 1423 184 1482; x_wconf 85' lang='lat' dir='ltr'><strong>in</strong></span> <span class='ocrx_word' id='word_1_103' title='bbox 200 1423 334 1482; x_wconf 87' lang='lat' dir='ltr'><strong>medium</strong></span> <span class='ocrx_word' id='word_1_104' title='bbox 350 1426 478 1500; x_wconf 49' lang='lat' dir='ltr'><strong>¹profert.</strong></span> <span class='ocrx_word' id='word_1_105' title='bbox 518 1424 640 1484; x_wconf 86' lang='lat' dir='ltr'><strong>Deinde</strong></span> <span class='ocrx_word' id='word_1_106' title='bbox 655 1423 808 1484; x_wconf 80' lang='lat' dir='ltr'><strong>&#39;Antonius</strong></span> <span class='ocrx_word' id='word_1_107' title='bbox 822 1426 959 1504; x_wconf 81' lang='lat' dir='ltr'><strong>loquitur</strong></span> <span class='ocrx_word' id='word_1_108' title='bbox 973 1427 1010 1482; x_wconf 89' lang='lat' dir='ltr'><strong>de</strong></span> <span class='ocrx_word' id='word_1_109' title='bbox 1026 1423 1187 1492; x_wconf 87' lang='lat' dir='ltr'><strong>memoria,</strong></span> <span class='ocrx_word' id='word_1_110' title='bbox 1202 1423 1263 1481; x_wconf 87' lang='lat' dir='ltr'><strong>sci·</strong></span> 
     </span>
     <span class='ocr_line' id='line_1_14' title="bbox 147 1501 1263 1582; baseline 0.001 -23"><span class='ocrx_word' id='word_1_111' title='bbox 147 1501 225 1560; x_wconf 86' lang='lat' dir='ltr'><strong>licet</strong></span> <span class='ocrx_word' id='word_1_112' title='bbox 239 1505 390 1562; x_wconf 84' lang='lat' dir='ltr'><strong>artificiali</strong></span> <span class='ocrx_word' id='word_1_113' title='bbox 408 1504 491 1580; x_wconf 91' lang='lat' dir='ltr'><strong>(nam</strong></span> <span class='ocrx_word' id='word_1_114' title='bbox 506 1525 542 1563; x_wconf 85' lang='lat' dir='ltr'><strong>ea</strong></span> <span class='ocrx_word' id='word_1_115' title='bbox 556 1508 620 1563; x_wconf 88' lang='lat' dir='ltr'><strong>sola</strong></span> <span class='ocrx_word' id='word_1_116' title='bbox 633 1504 820 1564; x_wconf 85' lang='lat' dir='ltr'><strong>luventionis</strong></span> <span class='ocrx_word' id='word_1_117' title='bbox 836 1517 883 1564; x_wconf 89' lang='lat' dir='ltr'><strong>est</strong></span> <span class='ocrx_word' id='word_1_118' title='bbox 897 1502 1263 1582; x_wconf 75' lang='lat' dir='ltr'><strong>propria)‚brevibusque</strong></span> 
     </span>
     <span class='ocr_line' id='line_1_15' title="bbox 151 1582 1005 1661; baseline 0.007 -23"><span class='ocrx_word' id='word_1_119' title='bbox 151 1582 264 1653; x_wconf 83' lang='lat' dir='ltr'><strong>omnia,</strong></span> <span class='ocrx_word' id='word_1_120' title='bbox 277 1603 347 1661; x_wconf 86' lang='lat' dir='ltr'><strong>quae</strong></span> <span class='ocrx_word' id='word_1_121' title='bbox 361 1587 399 1642; x_wconf 90' lang='lat' dir='ltr'><strong>ad</strong></span> <span class='ocrx_word' id='word_1_122' title='bbox 412 1585 497 1645; x_wconf 87' lang='lat' dir='ltr'><strong>illam</strong></span> <span class='ocrx_word' id='word_1_123' title='bbox 512 1598 640 1660; x_wconf 85' lang='lat' dir='ltr'><strong>spectat,</strong></span> <span class='ocrx_word' id='word_1_124' title='bbox 659 1585 825 1661; x_wconf 77' lang='lat' dir='ltr'><strong>praeceptis</strong></span> <span class='ocrx_word' id='word_1_125' title='bbox 840 1585 1005 1644; x_wconf 88' lang='lat' dir='ltr'><strong>concludit.</strong></span> 
     </span>
    </p>

    <p class='ocr_par' dir='ltr' id='par_1_4' title="bbox 149 1659 1266 1912">
     <span class='ocr_line' id='line_1_16' title="bbox 193 1659 1265 1740; baseline -0.001 -20"><span class='ocrx_word' id='word_1_126' title='bbox 193 1665 227 1720; x_wconf 95' lang='lat' dir='ltr'><strong>ln</strong></span> <span class='ocrx_word' id='word_1_127' title='bbox 244 1665 336 1722; x_wconf 86' lang='lat' dir='ltr'><strong>tertio</strong></span> <span class='ocrx_word' id='word_1_128' title='bbox 352 1677 454 1740; x_wconf 85' lang='lat' dir='ltr'><strong>partes</strong></span> <span class='ocrx_word' id='word_1_129' title='bbox 469 1664 660 1724; x_wconf 87' lang='lat' dir='ltr'><strong>Elocutionis</strong></span> <span class='ocrx_word' id='word_1_130' title='bbox 672 1667 784 1726; x_wconf 81' lang='lat' dir='ltr'><strong>Crasso</strong></span> <span class='ocrx_word' id='word_1_131' title='bbox 798 1666 1000 1736; x_wconf 78' lang='lat' dir='ltr'><strong>deseruntur3</strong></span> <span class='ocrx_word' id='word_1_132' title='bbox 1021 1664 1053 1724; x_wconf 89' lang='lat' dir='ltr'><strong>in</strong></span> <span class='ocrx_word' id='word_1_133' title='bbox 1067 1660 1168 1724; x_wconf 74' lang='lat' dir='ltr'><strong>vernis</strong></span> <span class='ocrx_word' id='word_1_134' title='bbox 1178 1659 1265 1720; x_wconf 85' lang='lat' dir='ltr'><strong>eninr</strong></span> 
     </span>
     <span class='ocr_line' id='line_1_17' title="bbox 149 1741 1264 1822; baseline -0.004 -22"><span class='ocrx_word' id='word_1_135' title='bbox 149 1741 253 1817; x_wconf 83' lang='lat' dir='ltr'><strong>magis</strong></span> <span class='ocrx_word' id='word_1_136' title='bbox 267 1742 359 1822; x_wconf 75' lang='lat' dir='ltr'><strong>quam</strong></span> <span class='ocrx_word' id='word_1_137' title='bbox 378 1745 409 1803; x_wconf 92' lang='lat' dir='ltr'><strong>in</strong></span> <span class='ocrx_word' id='word_1_138' title='bbox 430 1745 591 1804; x_wconf 81' lang='lat' dir='ltr'><strong>sententiis</strong></span> <span class='ocrx_word' id='word_1_139' title='bbox 606 1745 770 1822; x_wconf 80' lang='lat' dir='ltr'><strong>eligendis,</strong></span> <span class='ocrx_word' id='word_1_140' title='bbox 791 1745 968 1804; x_wconf 78' lang='lat' dir='ltr'><strong>elaboravit.</strong></span> <span class='ocrx_word' id='word_1_141' title='bbox 1009 1742 1099 1804; x_wconf 75' lang='lat' dir='ltr'><strong>Prius</strong></span> <span class='ocrx_word' id='word_1_142' title='bbox 1112 1741 1210 1818; x_wconf 74' lang='lat' dir='ltr'><strong>igitur</strong></span> <span class='ocrx_word' id='word_1_143' title='bbox 1223 1742 1264 1798; x_wconf 87' lang='lat' dir='ltr'><strong>de</strong></span> 
     </span>
     <span class='ocr_line' id='line_1_18' title="bbox 149 1821 1266 1912; baseline -0.003 -34"><span class='ocrx_word' id='word_1_144' title='bbox 149 1821 299 1881; x_wconf 81' lang='lat' dir='ltr'><strong>universo</strong></span> <span class='ocrx_word' id='word_1_145' title='bbox 313 1843 429 1900; x_wconf 82' lang='lat' dir='ltr'><strong>genere</strong></span> <span class='ocrx_word' id='word_1_146' title='bbox 443 1825 566 1912; x_wconf 81' lang='lat' dir='ltr'><strong>diceqdi</strong></span> <span class='ocrx_word' id='word_1_147' title='bbox 579 1843 677 1898; x_wconf 86' lang='lat' dir='ltr'><strong>pauca</strong></span> <span class='ocrx_word' id='word_1_148' title='bbox 690 1823 826 1897; x_wconf 89' lang='lat' dir='ltr'><strong>loquitur</strong></span> <span class='ocrx_word' id='word_1_149' title='bbox 839 1845 848 1890; x_wconf 89' lang='lat'>;</span> <span class='ocrx_word' id='word_1_150' title='bbox 868 1822 978 1880; x_wconf 85' lang='lat' dir='ltr'><strong>deinde</strong></span> <span class='ocrx_word' id='word_1_151' title='bbox 1001 1825 1039 1878; x_wconf 84' lang='lat' dir='ltr'><strong>ad</strong></span> <span class='ocrx_word' id='word_1_152' title='bbox 1058 1840 1110 1878; x_wconf 80' lang='lat' dir='ltr'><strong>eas</strong></span> <span class='ocrx_word' id='word_1_153' title='bbox 1132 1830 1266 1894; x_wconf 80' lang='lat' dir='ltr'><strong>quatuor</strong></span> 
     </span>
    </p>
   </div>
   <div class='ocr_carea' id='block_1_3' title="bbox 154 1895 1265 1974">
    <p class='ocr_par' dir='ltr' id='par_1_5' title="bbox 154 1895 1265 1974">
     <span class='ocr_line' id='line_1_19' title="bbox 154 1895 1265 1974; baseline 0 -20"><span class='ocrx_word' id='word_1_154' title='bbox 154 1914 272 1972; x_wconf 83' lang='lat' dir='ltr'><strong>partes,</strong></span> <span class='ocrx_word' id='word_1_155' title='bbox 292 1897 1016 1974; x_wconf 31' lang='lat' dir='ltr'><strong>quibus-ww,</strong></span> <span class='ocrx_word' id='word_1_156' title='bbox 1035 1895 1140 1947; x_wconf 59' lang='lat' dir='ltr'><strong>mut&amp;</strong></span> <span class='ocrx_word' id='word_1_157' title='bbox 1151 1907 1183 1948; x_wconf 75' lang='lat' dir='ltr'><strong>ot</strong></span> <span class='ocrx_word' id='word_1_158' title='bbox 1196 1897 1265 1967; x_wconf 72' lang='lat' dir='ltr'><strong>apte</strong></span> 
     </span>
    </p>
   </div>
   <div class='ocr_carea' id='block_1_4' title="bbox 113 1963 1263 2444">
    <p class='ocr_par' dir='ltr' id='par_1_6' title="bbox 113 1963 1263 2444">
     <span class='ocr_line' id='line_1_20' title="bbox 113 1963 1263 2043; baseline -0.001 -14"><span class='ocrx_word' id='word_1_159' title='bbox 113 2005 115 2007; x_wconf 95' lang='lat'>-</span> <span class='ocrx_word' id='word_1_160' title='bbox 136 1977 290 2038; x_wconf 81' lang='lat' dir='ltr'><strong>dicendi,</strong></span> <span class='ocrx_word' id='word_1_161' title='bbox 311 1985 380 2024; x_wconf 80' lang='lat' dir='ltr'><strong>sese</strong></span> <span class='ocrx_word' id='word_1_162' title='bbox 406 1978 547 2031; x_wconf 72' lang='lat' dir='ltr'><strong>revocat,</strong></span> <span class='ocrx_word' id='word_1_163' title='bbox 577 1965 643 2022; x_wconf 86' lang='lat' dir='ltr'><strong>Has</strong></span> <span class='ocrx_word' id='word_1_164' title='bbox 665 1963 804 2038; x_wconf 80' lang='lat' dir='ltr'><strong>singulas</strong></span> <span class='ocrx_word' id='word_1_165' title='bbox 825 1965 989 2040; x_wconf 81' lang='lat' dir='ltr'><strong>percurrit,</strong></span> <span class='ocrx_word' id='word_1_166' title='bbox 1008 1967 1166 2043; x_wconf 75' lang='lat' dir='ltr'><strong>praecipue</strong></span> <span class='ocrx_word' id='word_1_167' title='bbox 1188 1972 1263 2030; x_wconf 75' lang='lat' dir='ltr'><strong>vend</strong></span> 
     </span>
     <span class='ocr_line' id='line_1_21' title="bbox 152 2043 1261 2127; baseline -0.001 -17"><span class='ocrx_word' id='word_1_168' title='bbox 152 2062 295 2109; x_wconf 84' lang='lat' dir='ltr'><strong>ornatum</strong></span> <span class='ocrx_word' id='word_1_169' title='bbox 310 2045 464 2104; x_wconf 84' lang='lat' dir='ltr'><strong>orationis.</strong></span> <span class='ocrx_word' id='word_1_170' title='bbox 506 2045 617 2112; x_wconf 89' lang='lat' dir='ltr'><strong>Docet,</strong></span> <span class='ocrx_word' id='word_1_171' title='bbox 631 2061 700 2120; x_wconf 84' lang='lat' dir='ltr'><strong>quae</strong></span> <span class='ocrx_word' id='word_1_172' title='bbox 712 2046 804 2102; x_wconf 84' lang='lat' dir='ltr'><strong>verba</strong></span> <span class='ocrx_word' id='word_1_173' title='bbox 817 2043 960 2121; x_wconf 83' lang='lat' dir='ltr'><strong>eligenda</strong></span> <span class='ocrx_word' id='word_1_174' title='bbox 974 2045 1045 2113; x_wconf 84' lang='lat' dir='ltr'><strong>sint,</strong></span> <span class='ocrx_word' id='word_1_175' title='bbox 1057 2066 1127 2123; x_wconf 85' lang='lat' dir='ltr'><strong>qnae</strong></span> <span class='ocrx_word' id='word_1_176' title='bbox 1139 2048 1261 2127; x_wconf 73' lang='lat' dir='ltr'><strong>figurae,</strong></span> 
     </span>
     <span class='ocr_line' id='line_1_22' title="bbox 155 2125 1263 2208; baseline 0 -19"><span class='ocrx_word' id='word_1_177' title='bbox 155 2130 211 2208; x_wconf 88' lang='lat' dir='ltr'><strong>qui</strong></span> <span class='ocrx_word' id='word_1_178' title='bbox 219 2128 302 2204; x_wconf 86' lang='lat' dir='ltr'><strong>tropi</strong></span> <span class='ocrx_word' id='word_1_179' title='bbox 316 2125 488 2194; x_wconf 83' lang='lat' dir='ltr'><strong>adhibendi,</strong></span> <span class='ocrx_word' id='word_1_180' title='bbox 502 2143 580 2201; x_wconf 87' lang='lat' dir='ltr'><strong>quus</strong></span> <span class='ocrx_word' id='word_1_181' title='bbox 590 2142 737 2182; x_wconf 86' lang='lat' dir='ltr'><strong>numeros</strong></span> <span class='ocrx_word' id='word_1_182' title='bbox 750 2135 781 2182; x_wconf 85' lang='lat' dir='ltr'><strong>et</strong></span> <span class='ocrx_word' id='word_1_183' title='bbox 794 2125 889 2200; x_wconf 85' lang='lat' dir='ltr'><strong>pedes</strong></span> <span class='ocrx_word' id='word_1_184' title='bbox 903 2125 1001 2184; x_wconf 80' lang='lat' dir='ltr'><strong>oratio</strong></span> <span class='ocrx_word' id='word_1_185' title='bbox 1010 2131 1155 2202; x_wconf 82' lang='lat' dir='ltr'><strong>postulet.</strong></span> <span class='ocrx_word' id='word_1_186' title='bbox 1178 2131 1263 2194; x_wconf 87' lang='lat' dir='ltr'><strong>Tum</strong></span> 
     </span>
     <span class='ocr_line' id='line_1_23' title="bbox 155 2201 1262 2282; baseline 0 -15"><span class='ocrx_word' id='word_1_187' title='bbox 155 2213 194 2270; x_wconf 80' lang='lat' dir='ltr'><strong>ad</strong></span> <span class='ocrx_word' id='word_1_188' title='bbox 209 2221 384 2266; x_wconf 85' lang='lat' dir='ltr'><strong>extremum</strong></span> <span class='ocrx_word' id='word_1_189' title='bbox 397 2208 436 2263; x_wconf 86' lang='lat' dir='ltr'><strong>de</strong></span> <span class='ocrx_word' id='word_1_190' title='bbox 454 2205 583 2263; x_wconf 80' lang='lat' dir='ltr'><strong>Actione</strong></span> <span class='ocrx_word' id='word_1_191' title='bbox 598 2201 719 2280; x_wconf 80' lang='lat' dir='ltr'><strong>quaerit,</strong></span> <span class='ocrx_word' id='word_1_192' title='bbox 738 2205 900 2282; x_wconf 86' lang='lat' dir='ltr'><strong>ducetque,</strong></span> <span class='ocrx_word' id='word_1_193' title='bbox 923 2208 1076 2282; x_wconf 91' lang='lat' dir='ltr'><strong>quomodo</strong></span> <span class='ocrx_word' id='word_1_194' title='bbox 1096 2220 1128 2265; x_wconf 87' lang='lat' dir='ltr'><strong>et</strong></span> <span class='ocrx_word' id='word_1_195' title='bbox 1151 2227 1209 2267; x_wconf 86' lang='lat' dir='ltr'><strong>vox</strong></span> <span class='ocrx_word' id='word_1_196' title='bbox 1228 2224 1262 2274; x_wconf 88' lang='lat' dir='ltr'><strong>et</strong></span> 
     </span>
     <span class='ocr_line' id='line_1_24' title="bbox 156 2283 1262 2365; baseline 0.002 -19"><span class='ocrx_word' id='word_1_197' title='bbox 156 2302 265 2365; x_wconf 82' lang='lat' dir='ltr'><strong>gestus</strong></span> <span class='ocrx_word' id='word_1_198' title='bbox 279 2301 310 2345; x_wconf 91' lang='lat' dir='ltr'><strong>et</strong></span> <span class='ocrx_word' id='word_1_199' title='bbox 324 2291 427 2346; x_wconf 89' lang='lat' dir='ltr'><strong>vultus</strong></span> <span class='ocrx_word' id='word_1_200' title='bbox 442 2288 477 2344; x_wconf 89' lang='lat' dir='ltr'><strong>ad</strong></span> <span class='ocrx_word' id='word_1_201' title='bbox 490 2283 660 2343; x_wconf 81' lang='lat' dir='ltr'><strong>orationem</strong></span> <span class='ocrx_word' id='word_1_202' title='bbox 675 2284 899 2342; x_wconf 87' lang='lat' dir='ltr'><strong>accommodari</strong></span> <span class='ocrx_word' id='word_1_203' title='bbox 916 2288 1034 2344; x_wconf 87' lang='lat' dir='ltr'><strong>debeat.</strong></span> <span class='ocrx_word' id='word_1_204' title='bbox 1074 2287 1193 2346; x_wconf 89' lang='lat' dir='ltr'><strong>Omnes</strong></span> <span class='ocrx_word' id='word_1_205' title='bbox 1207 2291 1262 2348; x_wconf 87' lang='lat' dir='ltr'><strong>de·</strong></span> 
     </span>
     <span class='ocr_line' id='line_1_25' title="bbox 156 2363 1260 2444; baseline -0.002 -18"><span class='ocrx_word' id='word_1_206' title='bbox 156 2369 251 2444; x_wconf 89' lang='lat' dir='ltr'><strong>nique</strong></span> <span class='ocrx_word' id='word_1_207' title='bbox 266 2367 297 2424; x_wconf 88' lang='lat' dir='ltr'><strong>hi</strong></span> <span class='ocrx_word' id='word_1_208' title='bbox 312 2367 383 2424; x_wconf 84' lang='lat' dir='ltr'><strong>libri</strong></span> <span class='ocrx_word' id='word_1_209' title='bbox 396 2366 439 2425; x_wconf 88' lang='lat' dir='ltr'><strong>ita</strong></span> <span class='ocrx_word' id='word_1_210' title='bbox 453 2363 582 2434; x_wconf 87' lang='lat' dir='ltr'><strong>venusti,</strong></span> <span class='ocrx_word' id='word_1_211' title='bbox 601 2364 645 2436; x_wconf 83' lang='lat' dir='ltr'><strong>ita</strong></span> <span class='ocrx_word' id='word_1_212' title='bbox 659 2365 818 2440; x_wconf 85' lang='lat' dir='ltr'><strong>elegantes</strong></span> <span class='ocrx_word' id='word_1_213' title='bbox 833 2379 915 2434; x_wconf 89' lang='lat' dir='ltr'><strong>suut,</strong></span> <span class='ocrx_word' id='word_1_214' title='bbox 933 2377 967 2424; x_wconf 90' lang='lat' dir='ltr'><strong>ut</strong></span> <span class='ocrx_word' id='word_1_215' title='bbox 990 2364 1110 2440; x_wconf 87' lang='lat' dir='ltr'><strong>abillis</strong></span> <span class='ocrx_word' id='word_1_216' title='bbox 1132 2384 1193 2426; x_wconf 89' lang='lat' dir='ltr'><strong>non</strong></span> <span class='ocrx_word' id='word_1_217' title='bbox 1212 2387 1260 2428; x_wconf 51' lang='lat' dir='ltr'><strong>sne</strong></span> 
     </span>
    </p>
   </div>
   <div class='ocr_carea' id='block_1_5' title="bbox 157 2439 1244 2536">
    <p class='ocr_par' dir='ltr' id='par_1_7' title="bbox 157 2439 1244 2536">
     <span class='ocr_line' id='line_1_26' title="bbox 157 2439 1244 2536; baseline -0.01 -25"><span class='ocrx_word' id='word_1_218' title='bbox 157 2445 223 2518; x_wconf 76' lang='lat' dir='ltr'><strong>lim</strong></span> <span class='ocrx_word' id='word_1_219' title='bbox 235 2459 400 2532; x_wconf 75' lang='lat' dir='ltr'><strong>praecepta,</strong></span> <span class='ocrx_word' id='word_1_220' title='bbox 419 2447 474 2507; x_wconf 87' lang='lat' dir='ltr'><strong>sed</strong></span> <span class='ocrx_word' id='word_1_221' title='bbox 486 2445 580 2514; x_wconf 63' lang='lat' dir='ltr'><strong>etiam</strong></span> <span class='ocrx_word' id='word_1_222' title='bbox 594 2446 738 2536; x_wconf 72' lang='lat' dir='ltr'><strong>exempla</strong></span> <span class='ocrx_word' id='word_1_223' title='bbox 752 2444 945 2526; x_wconf 76' lang='lat' dir='ltr'><strong>Eloquentiae</strong></span> <span class='ocrx_word' id='word_1_224' title='bbox 958 2447 1094 2522; x_wconf 85' lang='lat' dir='ltr'><strong>petenda</strong></span> <span class='ocrx_word' id='word_1_225' title='bbox 1104 2443 1186 2508; x_wconf 77' lang='lat' dir='ltr'><strong>siut·</strong></span> <span class='ocrx_word' id='word_1_226' title='bbox 1217 2439 1244 2502; x_wconf 62' lang='lat' dir='ltr'><strong>T..</strong></span> 
     </span>
    </p>
   </div>
   <div class='ocr_carea' id='block_1_6' title="bbox 0 0 1442 5016">
    <p class='ocr_par' dir='ltr' id='par_1_8' title="bbox 0 0 1442 5016">
     <span class='ocr_line' id='line_1_27' title="bbox 0 0 1442 5016; baseline 0 0"><span class='ocrx_word' id='word_1_227' title='bbox 0 0 1442 5016; x_wconf 95' lang='lat' dir='ltr'><strong> </strong></span> 
     </span>
    </p>
   </div>
  </div>
 </body>
</html>
