2854 5016
496 369 514 393 '¹
528 359 665 427 ultim
683 361 707 420 Ι.
727 367 774 423 st:
1137 371 1175 430 ⁵1

93 503 388 616 zmquttatutiua
402 499 506 588 antea
520 519 637 584 uestra
650 509 768 610 magis
783 507 850 580 hoc
872 517 991 584 caussa
1005 508 1172 592 volebam,

95 619 305 714 quammea
318 615 451 706 (neque
467 607 563 708 enim
585 617 766 704 tantopere
780 605 869 678 hanc
886 608 906 678 t
922 607 1172 706 Grassodispu·

95 715 278 790 tationem·
291 709 530 788 desiderabam
558 713 778 802 quantopere
800 703 875 798 ejus
896 704 934 776 in
948 708 1076 781 caussis
1101 731 1171 783 ora»

100 809 205 886 tiene
220 809 384 899 delector)
401 831 409 878 :
435 801 645 884 nunonem,
663 801 803 880 Crasse,
815 825 897 876 mea
908 827 1049 900 quoque
1064 804 1172 878 etium

97 917 328 1004 causearogu
341 916 393 988 ut,
406 899 1171 1000 quoniamtantumhabemusotii,quantum

94 1006 231 1102 jamdiu,
242 1006 345 1079 nobis
359 1028 435 1075 non
457 999 619 1096 contigit,
636 1021 689 1070 ne·
710 996 859 1093 paveris
887 999 1120 1073 exaedificare
1134 1001 1169 1084 iu

95 1098 519 1204 epuaquudinstituisti3
543 1095 798 1170 formamenim
810 1095 919 1167 totius
932 1097 1063 1193 negotii
1075 1099 1170 1195 opiu-

93 1202 183 1291 ione
195 1195 643 1299 zmajoretu'ntelioremque
672 1193 797 1279 vide03
821 1215 926 1286 quam
944 1201 1169 1270 vehementer

125 1301 220 1373 iobo.
1160 1367 1164 1372 .

98 1325 125 1469 l.)
147 1395 323 1471 XXXVI.
347 1395 547 1478 Enimvero,
559 1394 677 1492 inquit
691 1391 849 1473 Crassus,
873 1391 985 1465 mirari
999 1393 1079 1466 satis
1095 1417 1169 1468 non

97 1519 201 1590 queo,
229 1495 339 1580 etiam,
352 1506 395 1568 te
417 1495 517 1575 haee,¹
537 1493 704 1574 Scaeuola,
723 1491 927 1570 desiderare,
943 1513 1028 1588 quae
1053 1515 1168 1588 neque

96 1615 165 1688 ego
183 1604 303 1675 teneo,
316 1593 368 1667 uti
381 1593 415 1674 ii,
436 1592 498 1690 qui
513 1594 641 1665 docent
652 1615 662 1675 ;
687 1613 804 1686 neque
824 1596 908 1659 sunt
925 1590 998 1686 ejus
1022 1590 1167 1686 generis,

97 1699 147 1782 ut,
161 1692 191 1766 si
208 1691 341 1789 optime
360 1698 531 1771 tenerem3
543 1690 648 1786 digna
659 1697 780 1763 essent
792 1687 856 1758 ista
868 1686 1085 1783 sapientiaac
1097 1689 1168 1764 tuis

89 1789 247 1862 auribus.
282 1793 314 1856 .⁴
330 1788 413 1860 Ain’
431 1787 617 1882 tu,'inquit
629 1783 718 1858 ille?
743 1784 824 1858 side
837 1783 911 1855 istis
922 1788 1169 1860 communibus

97 1895 135 1955 et
151 1885 347 1981 pervagatis
357 1886 415 1956 six
429 1884 510 1958 huie
527 1883 626 1956 aetati
651 1881 861 1960 audiendum
883 1890 999 1978 putas,
1016 1882 1169 1958 etiamne

96 1982 356 2078 illanegligere
380 2003 576 2078 possumus,
594 2003 676 2078 qute
694 1989 747 2052 -tu
770 1979 896 2054 oraturi
918 1983 1169 2075 ,cognoscenda

95 2103 174 2153 esse
188 2080 319 2160 dixisti,
335 2079 379 2151 de
388 2079 528 2162 ,naturis
538 2081 731 2158 hominum,
744 2077 787 2150 de
797 2077 959 2158 moribus,
970 2079 1016 2156 de
1029 2081 1167 2156 rationi·

95 2179 162 2250 bus
178 2178 232 2259 iis,
256 2178 381 2274 quibus
398 2177 581 2250 huminum
596 2185 736 2250 mentes
751 2185 788 2248 et
812 2175 1045 2255 incitarentur
1068 2188 1103 2251 et
1118 2203 1167 2251 re·

88 2275 402 2374 .primererttur,'de
415 2275 582 2356 historia:
594 2275 638 2348 de
653 2274 873 2370 antiquitate,
886 2271 940 2348 ¹de
957 2273 1168 2351 administra·

94 2371 194 2448 tiene
211 2374 438 2472 Reipublicae,
464 2373 617 2471 denique
643 2373 688 2446 de
704 2385 828 2448 nostro
853 2373 930 2470 ipso
950 2370 1026 2468 jure
1049 2372 1167 2453 ciuili?

94 2469 207 2548 Hanc
223 2474 318 2546 enim
335 2497 402 2572 ege
416 2489 559 2546 emnem
581 2473 822 2554 seientiamet
838 2469 972 2567 copiam
998 2474 1177 2551 rerumin·

92 2583 161 2652 tua
173 2571 360 2668 prudentia
383 2571 533 2649 sciebam
547 2571 686 2656 inesse3
703 2571 749 2649 ,in
773 2571 915 2647 oratoris
932 2565 1014 2654 vett)
1038 2571 1165 2650 instru-

93 2675 222 2744 mento
247 2677 322 2740 tam
336 2667 467 2740 lautam
496 2669 753 2765 supellectilem
780 2693 976 2764 numquam
1003 2669 1164 2749 uideram?

88 2767 205 2840 Potes
216 2765 334 2862 igitur,
351 2765 466 2862 inquit
480 2767 630 2853 Crassus
647 2767 783 2858 (utalia
800 2765 1164 2846 amittamiunutnera·

96 2863 175 2936 bilia
192 2873 231 2943 et
251 2863 435 2946 immensa,
452 2863 549 2936 etad
561 2865 675 2962 ipsum
692 2867 863 2963 tuumq'us
884 2863 984 2938 civile
997 2863 1178 2958 veniam),

90 2974 247 3046 oratores
257 2972 379 3060 putare
394 2987 467 3043 eos,
480 2975 568 3058 quos
583 2963 826 3039 multas—horas
841 2963 1064 3062 exspectavit,
1083 2965 1165 3038 clun

93 3059 313 3157 in'camptun
353 3069 539 3158 repararet,
557 3070 594 3138 et
617 3061 735 3140 ridens
747 3072 786 3140 ,et
803 3063 1025 3136 stomachans
1041 3061 1163 3132 58οω-

92 3159 193 3229 vola:
217 3159 319 3231 eum·
359 3181 485 3256 ypseus
504 3158 655 3232 maxima
671 3185 765 3240 voce,
784 3160 935 3256 plurimis
947 3156 1057 3228 verbis
1076 3158 1161 3232 ult.

93 3254 225 3326 Crasso
239 3257 652 3350 praetorecontertderet,
675 3269 716 3330 ut
735 3258 780 3337 ei,
804 3281 910 3353 quem
942 3255 1162 3342 defendebat,

92 3352 245 3425 ⁶eaussa
261 3351 544 3458 caderelicerel-;
568 3353 633 3452 Cn,
646 3365 762 3428 autem
775 3353 949 3436 Octauius,
963 3354 1068 3438 homo
1081 3371 1162 3427 een·
1253 3411 1257 3416 .

132 3525 151 3574 4
171 3515 244 3576 Ain’
264 3531 305 3582 tu,
319 3521 412 3591 inquit
431 3517 585 3577 ille?-·-
599 3522 728 3581 etiamne
749 3525 800 3578 illa
823 3523 967 3594 negligere
984 3515 1160 3600 pessumae]

91 3594 196 3672 Vutge
207 3597 340 3673 legimus
353 3601 447 3666 Anca,
467 3613 523 3658 etc.
538 3601 587 3658 ubi
602 3602 694 3668 vides,
709 3603 828 3668 Lector,
853 3601 1015 3656 redundare
1037 3595 1162 3674 particu-

90 3675 152 3734 lam
167 3689 217 3734 aut
230 3697 276 3744 an,
296 3689 345 3736 aut
356 3697 399 3735 ne.
441 3678 521 3737 Huic
539 3695 638 3739 autem
654 3679 775 3738 incuriae
798 3677 952 3736 Editomm
967 3692 997 3735 et
1019 3679 1162 3738 Librariu-

90 3769 163 3830 rutn
176 3755 290 3814 mederi
302 3755 422 3831 poteris,
441 3758 466 3814 si
478 3777 552 3816 cum
562 3759 715 3828 Lamblno,
728 3759 795 3816 MS.
810 3756 873 3815 Pal-¹
890 3755 1026 3832 septimo,
1040 3773 1070 3836 et
1092 3761 1161 3820 tta.

89 3829 191 3890 Gonu.
205 3836 298 3908 legas,
319 3837 457 3894 Ain’tu?
475 3840 565 3911 inquit
578 3843 632 3905 itte,
651 3853 709 3896 etc.

129 3919 148 3968 5
173 3913 291 3970 δεινοῖο
302 3911 329 3992 a]
350 3917 428 3974 Haec
442 3916 520 3976 dicta
534 3931 612 3984 sunt,
631 3935 689 3974 non
699 3919 735 3976 dc
747 3917 798 3974 illo
809 3915 955 3984 Scaevola,
974 3934 1063 3994 tpuem
1075 3921 1161 3976 Cras·

90 4005 140 4048 sus
151 3991 311 4068 alloquitur
324 4013 332 4060 ;
353 3997 405 4054 sed
415 3997 452 4054 tle
464 3999 566 4064 altero,
583 4015 634 4062 sc.
646 3997 682 4068 Q.
705 3996 803 4054 Mutio
826 3995 968 4065 Scaevola,
983 3999 1033 4074 qui
1056 3993 1161 4071 <uenit

89 4069 252 4147 Prusteus)
282 4072 415 4133 Pontifex
443 4073 512 4144 fuit,
540 4073 772 4135 Jutisconsultus
795 4074 1000 4148 peritissimus,
1028 4091 1058 4131 et
1084 4087 1159 4136 tum,

90 4145 162 4207 cim
177 4153 235 4208 hec
247 4148 395 4226 judicium
409 4152 636 4229 disceptaretur,
649 4151 801 4212 Tribunus
812 4156 916 4228 plebis,
929 4174 975 4212 an.
990 4155 1028 4209 U.
1040 4153 1074 4206 G.
1092 4154 1158 4232 649.

129 4235 147 4285 u
167 4231 270 4288 cauerat
283 4235 384 4290 cudere
397 4231 534 4313 licente]
556 4233 601 4292 Ut
614 4245 746 4292 naturam
762 4233 934 4311 hujuslitis,
954 4230 1076 4308 ejusque
1090 4245 1159 4303 qttae

89 4302 120 4362 in
140 4309 272 4384 sequenti
291 4312 390 4386 capite
404 4314 543 4380 occurrit,
563 4313 636 4370 bene
647 4311 858 4387 intelligamus,
872 4309 938 4369 audi
955 4309 1114 4366 Etasnrum
1128 4306 1161 4365 iu

90 4385 185 4464 Adag.
200 4387 277 4448 cuit
289 4409 318 4450 v.
333 4391 419 4450 Ceut.
439 4396 466 4450 2.
488 4393 573 4453 Ptou-
593 4398 636 4450 ts.
678 4399 697 4434 ‘⁸
710 4391 809 4452 Caust
832 4391 935 4452 cadere
956 4385 981 4445 is
1000 4383 1160 4457 dicebatur,
