2882 5012
534 319 662 389 uuus
679 321 738 384 111.
757 327 805 386 bi·
1175 321 1237 408 it!

102 473 339 559 noseuudruu
365 468 644 568 imitandumque
670 466 863 570 delegerit:
887 491 947 544 11oe
962 464 1125 547 itterhsud
1137 472 1237 564 sanis

103 571 416 676 quemadmodum
425 571 531 642 verba
539 579 653 643 struat
663 577 699 640 et
711 565 1177 666 illuminetdmsgis'trisistis
1187 597 1238 650 re·

110 675 244 774 quiritr
257 674 306 746 its
317 665 596 746 lucilein'rerum
608 667 818 741 abundantio
829 666 873 742 ad
883 666 1047 746 orationis
1056 691 1239 750 oruamen-

107 785 155 850 ta
169 775 246 852 siue
261 773 361 852 duoe,
383 765 516 842 naturai
532 763 608 866 ipsi
624 766 653 838 si
667 763 776 838 modo
792 767 1052 850 estexercitutc,
1067 765 1212 846 labetur.
1254 747 1325 859 ἐῢ,

167 871 324 950 XXXII.
346 863 424 941 Hio
446 865 608 947 Catulus,
640 863 701 938 Dii
730 863 951 944 immortales,
985 863 1109 962 inquit,
1132 891 1240 962 quan·

114 980 192 1050 um
214 993 332 1044 rerum
354 964 565 1044 canentem,
597 969 766 1060 quantum
790 963 873 1044 viru,
896 976 1069 1062 quantam
1094 963 1238 1062 cupium,

113 1068 257 1151 Crasse,
281 1063 487 1162 complexus
511 1084 562 1146 es,
585 1059 795 1158 quantuqoe
810 1086 854 1136 ex
874 1061 1045 1160 angustiis
1068 1072 1241 1146 oratorum
1271 1087 1273 1104 ‘

113 1167 273 1242 educere
289 1185 393 1238 austu
407 1185 456 1244 es,
472 1159 567 1234 etin
582 1159 751 1258 majorum
772 1183 914 1236 suorum
930 1183 1043 1258 regno
1054 1160 1239 1238 collocare!

115 1266 287 1361 Namque
302 1261 379 1336 illos
389 1270 523 1334 veteres
534 1257 698 1334 doctores
707 1265 936 1355 auctoresque
947 1257 1086 1334 dicendi
1101 1259 1240 1342 nullum

115 1386 237 1460 genus
248 1357 527 1460 disputationes
543 1381 580 1430 se
591 1354 748 1431 alienum
764 1364 906 1454 putasse
920 1356 1128 1458 accepimus,
1151 1382 1241 1432 sem·

116 1485 256 1560 perque
271 1483 346 1535 esse
359 1457 397 1532 in
411 1455 509 1530 omui
525 1451 689 1530 orationis
704 1454 837 1529 ratione
849 1462 1021 1530 versatos:
1059 1455 1240 1553 exquibus

119 1557 233 1638 Eleus
247 1555 409 1657 Hippios,
435 1552 518 1629 cunr
534 1553 581 1626 01
642 1550 730 1652 pium
741 1551 896 1628 venisset
910 1552 1057 1630 martimo
1068 1553 1126 1628 illu
1139 1553 1241 1652 quiu-

117 1657 289 1755 quonnoli
313 1652 511 1730 celebritate
525 1651 565 1724 lu
590 1675 691 1726 orum
740 1649 884 1726 loriutus
907 1661 961 1726 est
988 1663 1119 1728 cuncta
1133 1676 1241 1752 poeno

116 1754 287 1832 audiente
303 1749 456 1832 Graecia,
480 1749 566 1826 nihil
581 1771 659 1822 esse
678 1675 751 1824 uli
771 1747 810 1826 iu
833 1759 908 1824 arte
930 1775 1045 1826 rerum
1071 1752 1241 1840 omniun,¹

153 1852 306 1948 uodipoe
327 1849 493 1925 nesciret:
518 1873 586 1924 nec
604 1845 720 1922 solum
736 1846 795 1926 hus
811 1857 915 1930 artes,
940 1849 1066 1947 quibus
1084 1849 1241 1927 liberales

120 1877 298 2024 doctrinae
313 1958 421 2045 atque
435 1945 604 2045 ingenue
621 1944 902 2028 continerentur,
917 1947 1153 2044 geometriam,
1169 1971 1243 2028 mu·

119 2048 239 2131 sicum,
257 2047 433 2122 literarum
447 2045 937 2144 cognitionemetpoeturum,
954 2046 1242 2146 unocunque

121 2145 172 2226 de
184 2146 315 2221 naturis
331 2169 456 2228 rerum,
477 2166 562 2242 quis
578 2143 623 2216 de
639 2141 821 2221 hominum
836 2145 998 2226 moribus,
1022 2168 1105 2242 quse
1121 2145 1166 2220 de
1177 2147 1244 2221 Re·

124 2241 577 2341 buspublicisdicerentn;
600 2240 663 2316 sed
673 2242 858 2326 annulum,
882 2266 989 2340 quom
997 2243 1151 2328 baberet,
1173 2241 1244 2342 pnl-

123 2342 224 2424 lium,
248 2366 321 2440 quo
335 2341 496 2421 amiotus,
520 2364 650 2422 soccos,
674 2339 801 2436 quibus
827 2339 974 2417 indutus
998 2352 1104 2425 esset,
1130 2364 1244 2422 scorto

121 2439 449 2526 monuoonfeoisse.
475 2437 1242 2539 Scilicetuitnishicquidomestprogrenstu:

120 2539 190 2616 sed
204 2563 250 2617 ex
266 2565 310 2612 eo
323 2537 399 2636 ipso
415 2544 469 2610 est
481 2537 686 2634 conjecturs
700 2536 823 2623 facilis,
848 2547 1022 2636 quantum
1037 2537 1098 2614 sibi
1115 2539 1164 2625 illi
1180 2538 1246 2639 ipsi

124 2647 282 2714 oratores
295 2635 340 2710 de
355 2633 623 2732 prreclarissimis
637 2636 766 2713 ortibus
781 2636 996 2734 appetierint,
1009 2637 1069 2732 qui
1080 2662 1127 2711 ne
1139 2637 1245 2712 sordi·
1319 2669 1322 2680 ·

121 2735 242 2810 diores
256 2733 397 2830 quidem
409 2731 630 2828 repudiarint
655 2733 757 2820 Quid
768 2734 813 2808 de
823 2733 972 2810 Prodico
980 2732 1087 2807 Chio?
1102 2734 1188 2830 quid
1197 2734 1245 2810 de
1282 2783 1291 2804 .

124 2831 392 2930 Thrasymacho
402 2828 658 2920 Choloedoui03
682 2827 1245 2932 deProtsgoraAbderitcloqucri

123 2955 279 3030 quorum
305 2929 547 3028 unusquisque
564 2929 750 3027 plurimum
765 2929 978 3030 temporibus
993 2928 1058 3004 illis
1073 2928 1188 3005 etiarn>
1199 2929 1246 3006 do

124 3044 254 3112 notura
274 3053 392 3106 rerum
403 3036 444 3102 et
455 3027 616 3102 disseruit
624 3037 659 3105 ot
674 3029 822 3130 scripsit.
870 3029 953 3127 lpse
969 3029 1028 3106 ille
1045 3027 1245 3104 Leontinus

125 3126 288 3226 Gorgias,
299 3151 371 3224 quo
382 3128 591 3224 patronout
603 3127 701 3202 Plato
713 3127 838 3220 voluit)
849 3127 1049 3228 philosopho
1060 3124 1245 3206 succubuit

125 3236 264 3302 orator:
288 3225 348 3322 qni
372 3235 434 3300 aut
447 3249 523 3298 non-
536 3235 593 3298 est
607 3225 724 3301 victus
740 3249 904 3324 umquam
919 3227 940 3297 d
956 3227 1113 3306 Socrate,
1129 3250 1245 3324 nequo

126 3347 245 3401 sermo
262 3323 319 3396 ille
331 3323 485 3398 Plutonis
501 3348 603 3397 verus
612 3334 669 3400 est
682 3350 692 3409 3
705 3333 786 3408 cut,
802 3325 830 3397 si
847 3323 1039 3405 euinctus,
1054 3323 1246 3421 eloquenti·

126 3447 168 3499 or
180 3421 345 3496 videlicet
358 3420 426 3496 fuit
437 3429 474 3499 ot
489 3421 649 3496 disertior
664 3425 835 3505 Socrates,
843 3435 892 3505 et,
904 3432 945 3498 ut
957 3432 997 3496 tu
1012 3423 1177 3519 appellas,
1187 3441 1244 3499 co·

126 3520 256 3618 piosior
268 3528 306 3593 et
322 3519 445 3596 melior
459 3529 597 3606 orator3
614 3522 677 3594 sed
699 3521 806 3596 hioin
821 3523 882 3596 illo
897 3523 972 3620 ipso
986 3520 1141 3595 Platonis
1159 3521 1248 3600 libro

126 3619 173 3702 de
196 3617 293 3694 om'ni
309 3644 359 3700 re,-
382 3641 621 3731 quoecumque
643 3619 681 3691 iu
697 3619 986 3719 disceptationem
1002 3619 1246 3716 quaestionem·

125 3741 199 3814 que
224 3725 415 3801 vocaretur,
439 3742 477 3792 se
501 3717 732 3818 copiosissime
750 3719 924 3794 dicturum
940 3737 1015 3792 esse
1039 3721 1223 3816 profitetur
1231 3747 1247 3810 3

130 3814 231 3910 isque
250 3815 406 3913 princeps
418 3841 464 3890 ex
480 3817 754 3892 omnibusausus
770 3816 876 3890 estin
896 3827 1073 3894 conventu
1089 3839 1245 3918 poscere,

130 3935 202 4012 qun
210 3913 254 3986 de
263 3938 301 3984 re
311 3914 462 4011 quisque
472 3915 572 3988 vellet
580 3913 782 4002 audire;oui
793 3924 911 3990 tantus
921 3915 1033 3992 bonos
1044 3917 1179 3991 habitus
1189 3921 1273 3988 est
1348 4013 1353 4026 .

129 4058 334 4117 crederemus.
373 4059 536 4122 Lambinus
549 4063 648 4122 locum
658 4057 701 4119 sic
709 4057 839 4138 corrigit,
852 4067 890 4122 ad
897 4063 1120 4138 cognoscendum
1130 4061 1246 4116 inritan-

128 4141 257 4209 umque
271 4137 385 4216 legerit·
425 4143 507 4202 Bene
521 4143 605 4204 scut:
626 4143 677 4200 sed
690 4141 831 4204 deMSris
845 4163 965 4220 prorsus
978 4145 1052 4202 silet.
1093 4141 1129 4200 In
1143 4136 1244 4199 Mstis

128 4217 208 4278 Pith·
219 4219 316 4276 Mem.
327 4221 388 4278 Pal.
401 4221 506 4297 primo,
520 4223 705 4284 eteeoundo:
723 4219 806 4280 loun
820 4225 903 4286 Harl.
919 4236 940 4284 t.
955 4221 1054 4280 Meud
1064 4230 1096 4278 et
1108 4215 1245 4297 margine

128 4299 207 4360 Nor.
228 4296 305 4358 inest
328 4302 488 4373 delegerit.-
508 4305 690 4378 eandemque
703 4321 808 4364 vocem
833 4305 864 4364 in
878 4303 938 4364 suis
956 4311 1013 4360 vet.
1036 4299 1121 4359 libris
1133 4299 1244 4374 invonit

129 4376 254 4436 Carolus
263 4377 454 4454 Stephanus:
474 4381 517 4444 sio
526 4381 634 4442 Cicero
647 4381 683 4440 de
697 4382 812 4442 Officiis
828 4384 857 4444 ii.
877 4389 918 4443 13.
935 4399 1006 4454 quos
1020 4383 1075 4440 riti
1086 4385 1143 4452 ipsi
1163 4381 1244 4440 dele·

128 4455 229 4530 gerim
240 4461 278 4512 ad
290 4462 470 4524 imitandum.
509 4461 551 4528 Et
564 4457 657 4527 biciu
678 4459 709 4524 ii.
736 4467 881 4536 ruitum,
900 4480 983 4536 quem
996 4475 1062 4528 sote
1087 4458 1243 4540 delegerit,

130 4537 407 4622 inritandcoffiugot.
651 4571 655 4580 ’
