2808 5020
226 411 266 468 rr
623 365 915 468 nsosu'rotui'

224 549 443 630 erciscundoe
455 547 595 627 mutis
608 545 1097 648 auamagerenonpsrris.
1120 545 1323 646 Nam'quird

225 647 392 727 maximas
409 647 674 726 centumvitales
690 646 887 728 camussia
898 647 975 744 jure
990 648 1115 745 positas
1129 647 1323 746 protulistis

223 768 309 844 quac
326 746 467 824 andem
482 771 599 823 esrum
610 769 730 820 caussa
742 744 818 823 fuit,
829 767 914 840 quae
924 745 969 816 ab
979 743 1120 823 homine
1132 746 1322 846 cloqdenti,

219 839 494 942 juris'imperito,
509 869 584 920 non
594 841 813 920 ornatissime
827 842 979 940 potuerit
991 841 1087 920 dici?
1110 846 1241 956 quibus
1252 846 1324 942 qus

224 943 306 1019 dem
321 943 365 1018 in
376 943 506 1018 caussis
521 941 693 1021 omnibus,
721 941 812 1014 sicut
822 941 860 1014 in
876 940 949 1039 ipsa
963 940 1016 1014 M*
1040 940 1149 1024 Curis,
1167 967 1251 1038 qnae
1263 945 1324 1018 alis

222 1050 259 1122 te
275 1065 390 1140 nuper
404 1051 459 1119 est
470 1040 573 1121 diota,
588 1049 625 1112 et
637 1039 727 1116 inc.
745 1037 890 1120 Hostilii
908 1040 1068 1116 Mancini
1079 1042 1326 1122 controuersia,

221 1150 333 1236 atque
347 1141 384 1212 in
399 1165 444 1212 co
458 1163 577 1235 puero,
593 1139 653 1234 qui
667 1165 712 1216 ex
728 1139 835 1216 altera
849 1150 955 1214 ustus
967 1150 1040 1216 ersa
1052 1163 1171 1222 uxore,
1188 1165 1327 1216 nostres

223 1237 331 1315 misso
355 1239 483 1310 nuntio
500 1237 680 1332 superiori,
707 1237 773 1312 fuit
802 1237 895 1312 inter
920 1237 1146 1334 peritissimos
1163 1237 1328 1314 hominos

222 1359 358 1412 smnma
371 1333 415 1406 de
433 1333 510 1430 jure
528 1333 709 1416 dissensio
759 1335 901 1414 Quaero
917 1337 1034 1432 igitur,
1049 1335 1136 1434 quid
1160 1336 1329 1433 adjuverit

222 1443 394 1509 oratorem
410 1432 449 1506 in
460 1432 513 1506 his
530 1433 661 1512 caussis
671 1432 756 1530 juris
768 1433 927 1514 scicntia,
940 1433 1023 1510 crim
1037 1435 1094 1510 hic
1102 1435 1329 1532 juiuonsur

223 1539 282 1606 tus
298 1530 455 1628 superior
469 1531 577 1610 luerit
593 1529 818 1613 discessurus,
844 1532 903 1626 qui
920 1540 1025 1612 essct,
1051 1557 1125 1608 non
1142 1557 1207 1606 suo
1223 1534 1330 1608 artis

181 1686 184 1702 .
221 1629 291 1708 cio,
304 1631 365 1706 sed
380 1629 502 1712 alieno,
517 1629 663 1710 houset,
681 1655 753 1704 non
766 1630 853 1728 juris
872 1630 1028 1712 scicntia,
1045 1631 1109 1706 sed
1124 1630 1330 1728 eloquentia

220 1738 454 1810 autentstus.
504 1728 681 1826 Equidem
698 1729 765 1802 hoc
778 1729 1109 1826 sapeaudtvtoum
1118 1729 1333 1822 aedilitatsrn

222 1825 263 1904 P.
286 1828 433 1906 Crassus
447 1837 594 1924 peteret,
610 1853 763 1925 cumque
774 1829 879 1926 major
892 1837 988 1908 natu,
1000 1829 1106 1904 stiam
1120 1826 1330 1906 consubrino

220 1926 364 1998 Servius
378 1923 492 1998 Galba
505 1937 749 2005 assectaratuu
764 1925 860 2020 quod
876 1927 990 2002 Crassi
1000 1927 1108 2002 filiam
1121 1925 1166 2016 ¹C.
1178 1925 1332 2000 filiosuo

221 2019 479 2116 despondisset,
509 2021 697 2096 accessisse
725 2020 769 2090 ad
786 2023 952 2094 Crassum
979 2023 1191 2094 consulendi
1207 2047 1332 2102 caussa

156 2201 165 2215 N
220 2116 399 2217 quendam
414 2116 662 2194 rusticanum:
688 2114 747 2210 qui
775 2115 857 2192 ciam
874 2117 1039 2192 Crassum
1053 2117 1264 2202 seduxisset,
1281 2136 1332 2194 at,-

220 2241 295 2316 que
305 2215 349 2292 ad
365 2241 447 2292 eum
462 2211 649 2296 retulisset,
665 2238 948 2312 responsumque.
955 2217 998 2288 ab
1010 2242 1054 2290 ec
1069 2241 1190 2291 serum
1205 2219 1330 2315 magis,

219 2314 333 2416 quim
356 2314 401 2390 ad
417 2339 515 2390 suam
531 2338 607 2388 rem
622 2313 923 2390 accommodatum
937 2315 1161 2404 abstulisset3
1183 2323 1228 2392 ut
1243 2327 1330 2392 enm

219 2413 357 2489 tristem
376 2411 489 2486 Galba
500 2411 599 2490 vidit,
615 2409 758 2484 nomine
773 2412 967 2508 appellavit,
989 2413 1237 2512 quaesivitque,
1252 2439 1329 2512 qua

220 2509 267 2586 ds
281 2510 374 2586 read
389 2507 556 2606 Crassum
571 2507 771 2586 retulisset:
797 2534 843 2582 err
862 2534 937 2608 quo
950 2511 989 2586 ut
1002 2511 1146 2606 audivit,
1174 2537 1329 2594 commo

217 2605 372 2706 dumque
384 2616 425 2680 ut
440 2605 524 2680 vidit
536 2605 724 2689 hominem,
741 2607 933 2704 Suspenso,
943 2608 1070 2708 inquit,
1085 2610 1204 2684 annno
1218 2615 1259 2684 et
1270 2637 1329 2686 oe

219 2717 348 2806 sapato
370 2706 549 2783 Crassum
577 2705 640 2784 tibi
667 2707 887 2805 respondisse
903 2706 1025 2784 video:
1051 2709 1179 2788 deinde
1207 2708 1329 2806 ipsum

219 2805 386 2882 Crassum
400 2829 508 2881 manu
518 2803 773 2902 prehenditet,
790 2806 892 2880 Heus
902 2815 952 2886 tu,
966 2807 1093 2903 iuquit,
1110 2807 1194 2901 quid
1205 2807 1269 2880 tibi
1289 2809 1329 2886 in

218 2919 375 2982 mentem
391 2903 488 2980 venit
511 2903 560 2976 ita
575 2901 807 2998 respondere?
833 2903 932 2976 Turn
948 2904 1007 3000 ills
1027 2901 1191 2986 fidenter,
1216 2905 1334 2983 homo.

218 3003 459 3102 peritissimus,
474 3003 692 3080 confirmare,
708 3001 758 3074 ita
781 3025 820 3074 se
835 3025 909 3074 rem
923 3001 1060 3084 habere,
1076 3010 1114 3074 ut
1130 3004 1330 3099 respondis·

217 3114 366 3188 ssunec
382 3100 528 3178 dubium
540 3123 620 3172 esse
636 3123 748 3196 posse.
799 3098 909 3172 Galba
924 3107 1044 3174 autern
1054 3099 1218 3174 alludens
1228 3103 1325 3176 variis

217 3207 256 3296 et
288 3201 430 3298 copiosis
455 3199 584 3276 multas
615 3197 862 3274 similitudines
893 3198 1025 3281 afferre,
1056 3199 1238 3296 multaque
1258 3223 1326 3296 pro

217 3299 383 3395 aeqoitste
394 3309 521 3374 contra
527 3297 585 3394 jus
595 3297 728 3374 dicere:
753 3306 864 3394 atque
880 3297 989 3378 illum,
1013 3297 1097 3371 cirrrr
1118 3296 1325 3373 macodo

129 3427 131 3444 ,
218 3423 282 3494 par
293 3421 371 3477 csse
386 3423 461 3470 non
477 3404 596 3492 posset
609 3398 844 3564 Quamquam
858 3395 927 3470 fuit
951 3395 1103 3473 Crassus
1119 3396 1158 3470 in
1173 3421 1323 3472 numero

218 3495 437 3575 disertorum,
455 3495 517 3571 sed
533 3517 593 3588 par
646 3494 736 3566 albae
750 3494 849 3566 nullo
866 3495 970 3569 modo
985 3544 999 3575 „
1014 3495 1059 3567 ad
1070 3503 1228 3587 auctores
1238 3521 1322 3572 con·

217 3593 358 3689 fugisse,
374 3602 413 3668 et
427 3591 473 3670 id,
490 3589 587 3688 quod
607 3590 680 3688 ipse
696 3591 838 3675 diceret,
851 3589 894 3666 ct
904 3594 942 3666 in
954 3594 993 3667 Ρ.
1006 3592 1113 3666 Mutii
1124 3591 1241 3666 ustus
1266 3593 1319 3670 sui
1338 3637 1344 3644 ³

218 3690 324 3770 libris,
340 3703 378 3764 et
395 3691 434 3763 in
444 3691 525 3762 Sex.
549 3687 644 3762 AElii
660 3690 916 3763 commentariis
936 3689 1102 3788 scriptum
1113 3691 1300 3788 protulisse
1309 3722 1319 3779 ;

218 3802 259 3860 sc
274 3795 393 3888 tamen
410 3788 639 3886 concessisse,
657 3785 782 3880 Galbae
800 3787 1078 3887 disputationem
1088 3789 1157 3864 'sibi
1170 3791 1321 3888 probibi-

217 3887 288 3960 lem
299 3894 334 3982 et
370 3910 453 3984 rope
464 3911 578 3960 veram
590 3887 708 3960 videri.
735 3883 738 3890 ’
940 3945 941 3954 ,
1233 3934 1236 3939 -
1289 3951 1293 3956 .
1312 3969 1315 3978 ‚

268 3912 392 4060 Lvll.
417 3979 585 4060 Attamen
602 4009 686 4086 quae
702 4009 837 4062 caussae
848 3993 936 4060 suut
948 3983 1130 4082 ejusmodi,
1147 3995 1191 4062 ut
1205 3987 1251 4060 de
1269 4013 1318 4062 ea-

216 4111 296 4158 rum
304 4085 381 4182 jure
393 4083 536 4157 dubium
548 4109 626 4157 esse
642 4110 725 4160 uon·
734 4086 855 4184 possit,
876 4083 1022 4162 omnino
1033 4085 1071 4159 in
1082 4083 1253 4182 judicium
1261 4111 1317 4160 vo

216 4185 285 4258 cari
304 4209 379 4258 non
399 4183 526 4256 solent.
576 4177 669 4258 Nam
684 4187 765 4282 quis
780 4210 823 4258 co
833 4192 1054 4266 testamento,
1067 4184 1165 4284 quod
1178 4185 1318 4282 pateris

216 4282 326 4355 milia's
341 4281 530 4384 antefecit,
557 4283 664 4378 quim
683 4283 714 4356 ei
731 4283 821 4356 filius
848 4292 954 4356 natus
987 4294 1053 4365 est,
1080 4283 1312 4378 hereditatem

218 4381 308 4478 petit
325 4379 339 4450 i
365 4405 487 4456 nemo:
514 4377 597 4477 quia
614 4389 754 4468 constat
767 4382 993 4485 agnascendo
1002 4379 1114 4482 rumpi
1131 4390 1317 4460 testamen-

219 4487 319 4553 tum:
345 4485 428 4577 ergo'
444 4479 483 4556 in
497 4479 564 4556 hoc
580 4503 709 4577 genere
719 4480 806 4579 juris
814 4471 947 4582 jddicia
961 4470 1179 4565 uulla'smrt:
1212 4475 1317 4563 Lisci
