2882 5012
551 288 678 364 'LIBER
697 305 755 366 111.
776 312 822 363 tr.
1063 306 1065 316 ’
1184 300 1239 368 259

97 443 361 530 similissrdiuis.
412 449 508 523 Nolo
536 475 613 526 esse
637 461 696 526 eut
712 453 833 550 majus,
858 453 965 548 quim
982 475 1036 524 res
1059 455 1234 551 postulem

94 562 292 652 tempestas
308 551 576 622 comissationis:
592 551 777 622 autminus
812 552 997 624 comissatio
1014 557 1228 648 tempestatis.

93 654 209 726 Nolo
218 673 293 724 esse
307 649 449 722 verbum
458 649 638 742 angustius
651 648 698 728 id,
708 647 805 744 quod
815 649 1018 728 translatum
1030 649 1084 736 sit,
1095 651 1112 702 4
1124 652 1230 745 qutm

94 751 236 827 fuisset
248 747 331 822 illud
347 745 580 843 propriumne
597 769 722 824 suum3
1139 747 1141 751 ’

192 856 208 901 5
221 858 361 928 Quidnam
377 871 430 929 eet,
447 864 564 921 obsecro
578 855 594 912 l’
613 861 683 928 quid
694 867 724 918 te
734 856 968 915 adiriabnutus?

104 941 353 1027 Meliusesseo
362 955 467 1024 oetas,
467 943 641 1042 prohibes,
652 943 837 1024 absterress
853 943 1228 1038 quoniamilledixerat,

186 1041 294 1105 s-—ll
304 1054 379 1108 illico
393 1051 469 1118 istic,

189 1133 237 1184 Ne
252 1135 386 1201 contagio
397 1146 458 1184 mea
473 1131 565 1198 bonis,
584 1131 724 1185 umbrave
739 1132 822 1198 obsit.

100 1217 233 1319 Atque
249 1220 362 1301 etiam,
380 1219 409 1293 si
426 1240 573 1301 vereare,
593 1245 639 1290 ne
657 1219 757 1316 poulo
769 1218 886 1290 durior
903 1216 1083 1294 translatio
1096 1247 1172 1296 esse
1185 1224 1229 1296 vi-

100 1320 243 1397 dentur,
268 1313 454 1398 molliendo
470 1323 525 1391 est
554 1318 743 1412 praeposito
770 1339 865 1411 soope
882 1318 984 1388 verbo
1000 1346 1010 1403 ;
1036 1328 1076 1392 ut
1092 1320 1121 1392 si
1138 1321 1228 1403 olim,

10 1421 17 1452 t
103 1415 164 1488 M.
190 1415 330 1487 Catone
346 1425 496 1494 mortuo,
512 1413 692 1510 pupillum
717 1425 879 1486 senatum
904 1414 982 1507 quis
998 1417 1157 1492 relictum
1183 1419 1230 1490 di·

10 1483 22 1552 l·
105 1522 221 1594 cenet,
240 1513 342 1608 paulo
357 1513 504 1596 durius;
529 1513 595 1592 ein,
612 1520 650 1581 nt
664 1513 713 1582 ito
723 1511 845 1591 dicam,
861 1511 1039 1606 pontillum
1053 1514 1232 1612 ⁷aliquan·

10 1605 25 1650 5‘
106 1621 151 1684 to
163 1609 305 1684 mitius:
330 1610 462 1682 etenim
474 1609 670 1682 verecunda
686 1609 791 1683 debet
806 1633 883 1682 esse
902 1610 1096 1693 translatio.
1118 1626 1158 1687 ut
1172 1615 1229 1686 de-

10 1701 27 1746 f
105 1709 218 1783 ducta
228 1731 307 1793 esso
322 1709 359 1780 in
375 1707 528 1780 alienum
547 1707 754 1790 loourunon
767 1705 927 1794 irruisse3
945 1717 1049 1802 atque
1063 1719 1230 1807 utpreoa-

10 1801 23 1869 l·
105 1805 178 1886 rib,
204 1829 277 1886 non
299 1805 342 1886 vi,
367 1805 499 1882 venisse
527 1805 695 1884 videatur.
742 1803 873 1882 Modus
890 1803 1008 1878 autem
1033 1809 1151 1880 nullus
1174 1817 1231 1882 est

10 1876 19 1944 l
108 1903 128 1952 ⁸
143 1901 324 1980 florentior
340 1902 378 1975 in
394 1903 538 1998 singulis
557 1903 677 1984 ierbie
705 1927 772 1975 nec
785 1903 844 1998 qui
862 1903 939 1998 plus
956 1903 1097 1978 luminis
1113 1909 1232 1982 afferat

10 1999 16 2042 ‘³
108 2000 272 2074 orationi:
300 2025 379 2072 nam
394 1999 493 2078 illud,
518 2003 613 2098 quod
626 2025 672 2072 ex
685 2001 750 2072 hoo
762 2024 891 2096 genere
909 1999 1058 2099 profluit,
1084 2002 1155 2096 non
1174 2003 1230 2078 'est

10 2121 13 2139 ²
109 2099 153 2172 in
165 2123 239 2170 uno
253 2099 355 2170 verbo
365 2099 544 2177 translato,
561 2099 679 2170 sodex
695 2099 850 2192 pluribus
858 2097 1071 2174 continuatis
1083 2127 1233 2176 connec-

10 2233 12 2238 ’
106 2197 212 2277 titur,
236 2206 279 2269 ut
294 2197 386 2272 aliud
402 2197 549 2278 dicatur,
563 2196 656 2270 aliud
669 2195 936 2293 intelligendum
948 2195 1013 2280 siu
1139 2211 1143 2218 '

10 2429 11 2434 ,
154 2383 173 2433 4
188 2375 272 2448 quim
287 2376 394 2436 fuisset
406 2381 480 2436 illud
495 2380 648 2447 profitiant
663 2396 697 2436 oe
710 2395 793 2437 suum
808 2373 943 2514 &Muti
958 2376 1039 2446 Cant.
1055 2376 1137 2444 Norf.
1159 2379 1235 2454 sod.

10 2527 11 2530 Ἴ
109 2455 205 2532 Wag.
223 2459 303 2516 Harl.
319 2465 345 2514 2.
369 2457 444 2515 Nor.
473 2456 673 2536 editionesque
695 2457 816 2516 Venet'
856 2455 905 2514 iot.
927 2468 957 2517 et
980 2455 1099 2514 Mediol.
1128 2461 1239 2536 habent,

109 2533 193 2594 istud
198 2537 319 2604 fuisset,
330 2538 409 2612 quod
421 2537 451 2594 in
464 2537 591 2612 vulgatis
605 2537 674 2594 edit.
689 2534 781 2594 deest.
1198 2567 1200 2572 ·
1235 2560 1238 2571 ¹

156 2631 173 2680 5
191 2625 333 2693 Quidnam
348 2633 391 2680 eet
418 2622 559 2680 obsecro?
579 2628 649 2693 quid
662 2639 690 2680 re
705 2629 782 2681 adiri
804 2623 962 2698 abuntesl]
999 2623 1132 2684 Multum
1147 2615 1232 2684 sudass

110 2715 185 2762 runt
211 2699 267 2758 uiri
280 2700 441 2760 doctissimi
455 2703 485 2758 in
501 2703 564 2768 boe,
574 2716 603 2760 et
618 2717 759 2780 sequente
771 2721 855 2771 versu
870 2703 905 2759 ed
916 2720 984 2760 suos
997 2702 1137 2759 numeros
1151 2717 1234 2759 revo-

112 2781 217 2840 cando.
239 2779 429 2838 Clarissimus
443 2793 542 2838 autem
553 2781 589 2838 R.
605 2783 755 2843 Bentleins
766 2783 892 2847 tandem,
907 2781 984 2856 quod
996 2777 1044 2834 alii
1053 2779 1146 2838 conati
1158 2792 1233 2848 sunt,

10 2933 12 2940 Ι
111 2861 286 2920 inEmend.
302 2861 337 2917 ad
352 2859 394 2917 iii.
409 2861 499 2918 Tusc.
515 2859 600 2936 Dispu.
617 2859 785 2922 felicissimt
798 2859 930 2937 perfecit.
968 2859 1090 2915 Versus
1112 2858 1234 2943 (inquit)

10 2987 13 3002 .
113 2950 182 2998 sunt
192 2940 343 3013 desumpti
358 2959 396 2998 ex
413 2937 499 2998 Ennii
513 2937 616 3010 fabula,
630 2939 659 2998 in
675 2962 731 3017 qua
747 2943 893 3017 Thyestes
912 2941 977 3010 haec
997 2955 1066 2994 curn
1080 2937 1179 2994 Chore
1192 2943 1235 2996 lo·

10 3013 12 3084 ζ
112 3021 215 3095 quitur
227 3040 234 3074 ι
256 3019 332 3078 Sunt
341 3032 443 3078 autem
455 3018 611 3076 Bacchieci
625 3021 810 3079 tetrametrit
832 3019 978 3076 Bacchius
988 3026 1099 3074 constat
1110 3035 1148 3074 ex
1164 3019 1234 3080 ‚dua-

10 3093 12 3156 ζ
113 3101 172 3156 bus
187 3099 284 3173 longis
298 3098 414 3172 syllabis
435 3100 558 3156 brevem
579 3097 806 3176 insequentibus.
849 3101 938 3172 Apud
963 3096 1080 3153 Latinos
1093 3095 1123 3152 in
1140 3096 1235 3170 prima

114 3178 187 3235 sede
202 3177 368 3236 Molossum
388 3178 495 3252 pedem
520 3177 551 3234 hi
572 3189 675 3242 versus
694 3179 865 3270 frequenter
879 3176 1044 3250 recipiunt:
1064 3173 1094 3246 in
1117 3175 1235 3248 caeteris

113 3257 265 3345 Iffaeanem
278 3267 307 3347 et
320 3257 487 3318 Molossum
500 3254 615 3316 rarius:
635 3271 730 3332 toturn
749 3257 841 3336 igitur
858 3257 956 3332 locum
977 3253 1166 3316 doctissimus
1189 3255 1234 3314 vir

114 3353 160 3394 stc
175 3347 313 3394 restitnit.
331 3375 334 3379 -
581 3375 582 3380 κ

149 3421 320 3486 Thy.Notite‚
333 3423 391 3490 hoel
402 3423 690 3490 piteuatllmeodtre:
708 3431 728 3478 il
740 3427 744 3493 Ι
759 3427 890 3479 licoistio:

147 3489 193 3538 ne
203 3499 273 3538 conto
287 3487 292 3552 Ι
302 3493 347 3554 pio
359 3508 410 3538 meo
423 3491 428 3554 l
443 3493 510 3538 botris
519 3509 557 3540 om
571 3489 576 3554 l
591 3496 665 3544 breve
676 3494 755 3550 obsim

148 3555 259 3604 Meotun
273 3552 278 3618 Ι
293 3565 318 3604 to
329 3560 367 3605 oie
377 3559 436 3605 scole
470 3560 506 3606 ris
516 3563 541 3606 in
554 3573 593 3606 cor
608 3558 613 3623 Ι
625 3570 682 3622 pore
690 3565 769 3610 ltaeret.

146 3619 210 3670 Cho.
231 3622 352 3680 Qttidnam
363 3633 399 3675 est
410 3624 437 3671 ob
469 3641 522 3672 sero
533 3625 548 3673 ,²
565 3623 641 3689 quid!
658 3637 681 3675 te
692 3630 759 3676 adit‘t'
772 3624 779 3690 1
792 3631 918 3676 renutat?
941 3653 947 3662 ·

157 3710 173 3758 6
188 3705 261 3756 illico
276 3699 367 3778 istie]
388 3699 491 3760 Positis
506 3703 665 3774 legendum
680 3719 725 3768 est
736 3709 833 3770 istinc,
847 3705 894 3760 vel
909 3706 1013 3759 isthinc
1026 3725 1037 3768 ,0
1057 3717 1135 3771 narn,
1150 3714 1183 3762 ut
1197 3723 1236 3762 ex

112 3783 190 3842 loco,
204 3797 261 3836 non
272 3775 301 3832 in
312 3779 424 3844 locum,
439 3796 505 3836 sese
518 3797 650 3841 moveret
661 3783 792 3852 ¹audiens,
806 3779 920 3840 rnonuit
933 3782 968 3850 is,
991 3781 1043 3870 qui
1057 3786 1235 3860 loquebatur.

116 3859 217 3928 Video
232 3857 398 3918 Strebaeum
410 3861 439 3917 in
454 3856 531 3931 notis*
543 3865 643 3937 legere
656 3867 750 3926 istinc.
979 3881 983 3887 ·
1232 3881 1237 3890 ·

155 3942 174 3993 7
184 3943 333 4006 aliquanto
346 3944 443 3996 mitius
454 3939 484 4014 :]
510 3937 612 4015 Vulgo
633 3941 763 4016 legimus
774 3943 875 3997 'mitius
889 3953 931 3995 est
943 3966 954 4008 ,-
975 3943 1028 3998 sed
1043 3940 1111 3997 crim
1126 3955 1236 4012 praece·

112 4019 161 4076 dat
174 4020 294 4082 dicerer,
310 4017 497 4077 scribendum
529 4019 624 4093 potitis
638 4021 692 4079 fuit
704 4033 786 4088 esset,
797 4039 884 4096 quam
895 4019 1051 4084 lectionem
1062 4019 1091 4074 in
1103 4017 1236 4088 margine

116 4116 177 4155 suae
193 4095 261 4154 edit.
279 4097 440 4155 Lambinus
456 4101 559 4174 posuit.
602 4100 725 4166 [nterim
746 4117 801 4156 nec
817 4116 873 4156 vox
886 4112 939 4166 esc,
952 4119 1007 4157 nee
1020 4109 1092 4152 esser
1112 4095 1236 4154 extasin

23 4243 25 4258 .
116 4175 213 4234 Mstis
227 4177 309 4234 Joan.
328 4177 400 4232 Nov.
419 4177 498 4254 Mag.
517 4179 615 4238 Mead.
627 4191 656 4236 et
669 4179 747 4234 Harl.
764 4188 785 4241 ι.
829 4180 930 4238 Verbo
939 4189 996 4234 non
1009 4191 1084 4248 opus
1098 4186 1152 4242 est,
1166 4171 1237 4232 crim

10 4299 13 4310 .
118 4273 175 4313 vox
190 4261 299 4312 diceret
316 4255 365 4313 hic
379 4256 556 4331 subintelligi
571 4257 726 4316 commodi
741 4256 841 4332 possit.
1234 4255 1237 4278 ²

157 4337 352 4412 ufloreotr'or]
368 4355 407 4394 sc.
430 4338 519 4412 quem
541 4333 698 4394 translatio.
732 4338 775 4394 .ln
793 4335 980 4413 sequentibus
998 4351 1054 4388 oon
1078 4335 1157 4400 illud,
1181 4346 1237 4391 etc.

117 4414 242 4472 Crassus
252 4419 286 4473 ed
297 4417 370 4474 illud
383 4434 478 4491 genus
493 4416 602 4478 transit.
621 4417 699 4490 qnod
713 4433 780 4484 non,
794 4431 826 4474 nt
841 4414 1001 4488 superiora,
1015 4412 1051 4468 in'
1069 4431 1127 4482 uno
1142 4418 1238 4484 verbo,

116 4493 168 4551 sed
180 4489 210 4552 in
223 4495 440 4556 continuatione
450 4495 609 4554 verborum
623 4495 685 4556 sive
698 4495 854 4572 Allegoril
868 4491 997 4568 positum
1008 4505 1061 4552 ests
