2830 5014
214 299 272 358 20⁸
309 305 313 310 '
637 287 696 350 DE
713 282 919 354 ORAmE

212 437 486 540 ingenitorum
502 440 549 518 ab
564 463 609 512 eo
619 438 715 514 dicta¹
727 462 801 513 esse
815 437 1020 526 romaum
1040 429 1322 536 mutatinum

212 563 298 620 eam,
318 561 423 632 quam
451 546 590 612 senatus
618 535 785 634 frequens
799 547 943 612 secutus
959 546 1024 617 cst,
1052 534 1270 610 ornatissimis
1283 545 1323 610 st
1388 577 1389 596 ÷

210 634 411 734 gravissimis
423 635 545 718 verbis,
562 646 601 709 ut
617 636 748 732 populo
759 636 915 710 Romano
931 633 1117 710 satisfieret
1127 657 1323 730 numquam

208 731 674 830 senttnsnequeconsilium
685 731 897 829 Reipublicae
911 731 1321 826 nequefidemdetuisse,

208 835 254 906 ab
277 857 320 904 eo
343 831 492 920 dictam3
526 841 563 906 et
588 831 739 906 cundem
766 827 820 922 (id
868 829 939 902 uod
969 829 1033 902 ⁸in
1061 829 1325 904 auctoritatibus

209 930 419 1030 prescriptis
451 932 581 1022 exstat)
615 929 798 1004 scribendo
828 856 989 1002 adfuisse.
1050 927 1115 1000 Illa
1145 936 1325 1024 tanrqum

208 1051 343 1122 cycnea
357 1028 424 1104 fuit
438 1027 542 1102 divim
558 1027 708 1102 hominis
723 1051 790 1100 vox
813 1036 849 1100 et
864 1026 972 1100 oratio
987 1055 998 1114 3
1032 1049 1136 1122 quarn
1150 1026 1250 1123 quasi
1260 1050 1328 1098 ex·
1389 1033 1390 1040 ’

208 1135 416 1220 spectantes,
495 1133 509 1196 t
527 1125 599 1220 ejus
623 1125 800 1200 interitum
816 1125 1037 1200 veniebamus
1064 1123 1103 1200 iu
1118 1124 1265 1208 curiam,
1282 1130 1330 1198 ut

208 1222 388 1319 vestigium
405 1222 429 1294 il
444 1222 493 1294 ud
509 1221 632 1318 ipstun,
658 1223 784 1316 inquo
808 1222 865 1296 ille
888 1222 1102 1318 postremum
1124 1222 1329 1304 institisset,

206 1333 462 1394 contueremur.
512 1319 673 1413 Namque
688 1319 868 1390 tumlatus
889 1320 921 1390 ei
934 1321 1063 1392 dicenti
1091 1321 1328 1401 condoluisse,
1390 1335 1391 1408 t

207 1417 438 1514 sudoremque
461 1417 609 1490 multum
639 1424 866 1489 consecutum
893 1439 969 1488 esse
996 1415 1242 1490 audiebamus:
1280 1441 1330 1492 ex

208 1541 283 1614 quo
297 1515 379 1590 cum
407 1514 647 1596 cohorruisset,
675 1539 756 1586 cum
782 1511 867 1587 febri
891 1513 1034 1590 domum
1048 1515 1166 1596 rediit,
1193 1515 1330 1613 dieque

207 1614 355 1710 septimo
369 1613 484 1688 lateris
500 1613 619 1686 dolore
635 1622 843 1686 consumtus
858 1620 925 1706 est.
974 1613 1008 1683 Ο
1030 1613 1186 1690 fallacem
1216 1613 1331 1688 homi·

209 1735 298 1788 num
317 1735 425 1809 spem,
441 1711 665 1808 fragilemque
681 1711 867 1792 fortunam,
881 1720 927 1788 et,
942 1710 1062 1784 inanes
1078 1718 1212 1784 nostras
1240 1735 1329 1790 con·

208 1810 405 1886 tentiones!
431 1833 513 1907 quae
540 1809 577 1882 in
601 1807 716 1882 medio
728 1807 838 1906 spatio
862 1829 957 1904 saepe
980 1807 1190 1903 franguntur
1212 1816 1252 1880 et
1269 1827 1329 1880 co·
1391 1817 1392 1852 ³

206 1922 330 1990 ruunt,
344 1910 361 1958 ⁹
373 1917 434 1980 aut
450 1917 531 1980 aute
545 1907 583 1979 iu
600 1907 676 2003 ipso
692 1930 797 1982 cursu
823 1905 1029 1988 obruuntur,
1057 1905 1162 2002 qudm
1189 1915 1326 2002 portum

207 2005 410 2099 conspicere
424 2012 628 2099 potuerunt.
677 2003 781 2084 Natu,
807 2003 975 2098 quamdiu
1003 2003 1117 2076 Crassi
1143 2002 1210 2075 fuit
1225 2003 1326 2078 ambi·

206 2101 311 2176 tionis
326 2102 439 2174 labore
463 2100 532 2173 vita
550 2097 563 2148 t
579 2097 746 2183 districta,
773 2099 905 2174 tamdiu
922 2099 1059 2196 privatis
1083 2099 1192 2198 magis
1207 2102 1325 2178 officiis

247 2232 1325 2318 tinaactora‘tatituspraescriptiseartat)]Vulgbsters'ariptiarsedMSti
1392 2201 1393 2238 ³

207 2317 271 2382 nat
285 2332 317 2379 et
332 2321 431 2382 Mead.
454 2335 541 2398 atquc
565 2323 654 2382 edam
668 2324 698 2380 N
701 2342 747 2380 ov.
761 2318 777 2380 t
790 2337 860 2394 nup.
881 2335 971 2388 mauu
991 2319 1098 2385 habent
1119 2319 1323 2388 proteritate.-

207 2397 323 2458 Eadcm
334 2419 390 2457 vox
401 2399 479 2464 ineat
488 2403 521 2458 in
532 2401 600 2459 edit.
610 2402 689 2460 Ven·
700 2413 730 2460 et
740 2397 862 2458 Mediol.
873 2407 903 2454 et
913 2415 979 2456 cam
991 2393 1145 2464 Manutius
1157 2417 1196 2462 ex
1206 2395 1322 2473 antiquo

206 2477 373 2534 Borromaei
385 2477 458 2533 libra
472 2478 619 2550 reposuita
640 2489 678 2542 et,
695 2489 728 2536 ut
743 2475 1012 2535 ctatRomanarum
1023 2474 1239 2553 Antiquitatum
1249 2469 1325 2553 peri.-

206 2552 350 2622 tissimus,
364 2556 466 2628 probat
477 2574 514 2612 ea
536 2555 619 2614 solita
633 2574 700 2613 esse
713 2554 772 2614 diei
780 2559 963 2624 prescripta,
982 2553 1132 2639 inquibus
1150 2556 1323 2618 Senatorum

205 2630 324 2692 nomina
333 2635 603 2703 praecanebantur,
617 2645 648 2694 et
660 2637 696 2692 ad
708 2637 783 2692 banc
791 2649 857 2693 rem
868 2634 937 2693 citat
948 2632 1031 2695 Festi
1039 2638 1144 2694 verua:
1164 2649 1224 2704 aut,
1232 2642 1262 2694 si
1269 2641 1324 2692 nort

205 2723 248 2768 tot
261 2715 320 2768 sint
336 2711 497 2780 Senatores,
512 2733 566 2785 qao
580 2731 698 2772 numero
707 2719 790 2776 boeot
804 2712 958 2788 praescribi
973 2717 1097 2774 &natus
1110 2721 1253 2786 consulta,
1268 2727 1325 2776 etc.

205 2792 259 2850 Sic
273 2791 383 2852 Cicero
394 2792 425 2851 in
440 2793 534 2870 Epist.
553 2795 589 2853 ud
602 2795 686 2853 Fam,
697 2815 725 2854 s.
735 2798 762 2850 2.
804 2794 882 2854 Illud
897 2793 1181 2862 Senatuscaatuttam,
1204 2800 1284 2868 quod
1295 2813 1325 2852 aa
1393 2797 1394 2864 l

206 2871 371 2942 diesoctum
384 2885 436 2941 cst,
446 2891 478 2930 ea
492 2872 715 2950 praescriptione
733 2885 787 2942 est,
796 2888 841 2944 ut,
852 2885 908 2933 etc.
949 2875 983 2933 ln
996 2871 1123 2932 oratione
1142 2875 1273 2934 secunda
1287 2876 1324 2936 da

205 2955 274 3030 lege
288 2951 423 3028 Agraria,
438 2972 465 3011 c.
477 2962 504 3010 t.
517 2949 536 3014 d
551 2957 650 3024 quitus
663 2958 690 3010 et
702 2958 940 3025 lacustrimmia
953 2956 1051 3021 indica
1064 2963 1092 3007 et
1100 2951 1326 3028 praescriptione

204 3036 277 3104 legia
287 3051 437 3114 ¹certaturus
451 3045 501 3090 est.
543 3033 643 3100 Porro,
656 3037 845 3092 auctoritates
853 3038 1030 3105 prescripta
1038 3049 1094 3090 non
1106 3029 1156 3094 hic
1168 3029 1325 3108 (monente

204 3111 402 3190 Petavi0)prc
411 3111 669 3174 senatusconsultis
678 3113 1133 3190 simpliciteraccipiendaesuntt
1152 3110 1230 3170 aliud
1241 3111 1324 3172 eninr

205 3196 373 3262 auctoritas,
395 3191 473 3252 aliud
486 3198 765 3253 senatusconsultum
779 3192 844 3262 tuit,
867 3193 1028 3252 secundum
1049 3189 1204 3267 sigonium
1227 3193 1265 3250 sd
1285 3191 1321 3250 in

205 3269 292 3328 Livii.
306 3326 307 3334 ,
334 3272 626 3334 Senatusconsultum
635 3272 731 3350 magis
743 3286 840 3332 ratum
850 3271 906 3333 tuit
916 3272 1004 3349 quum
1016 3269 1193 3332 aumodtast
1209 3270 1322 3334 sicuiut

205 3351 253 3408 vel
267 3352 442 3412 Senatorum
456 3369 599 3412 numerus
610 3351 708 3428 justus
721 3350 873 3425 defuisset,
883 3353 932 3413 vel
946 3351 1133 3430 magistratus
1141 3349 1321 3410 intercessis-

204 3441 260 3501 act,
273 3431 426 3491 decretum
445 3431 566 3508 quidem
588 3432 841 3505 praescribebatur,
862 3445 895 3492 ut
915 3435 1088 3492 Senatorum
1102 3433 1138 3490 de
1152 3449 1187 3489 ea
1199 3447 1233 3489 re
1243 3429 1319 3509 judi·

205 3509 287 3570 cium
300 3523 428 3572 extsrctt
447 3512 577 3568 noudum
591 3521 691 3568 umen
708 3523 804 3571 ratum
814 3525 887 3582 erat,
900 3515 952 3572 sed
970 3513 1129 3569 auctoritas
1151 3508 1264 3570 tantum
1277 3507 1318 3565 di·

205 3589 333 3648 sebatur.
374 3592 410 3650 Id
422 3590 521 3667 ipsum
532 3589 628 3658 fiebat,
649 3589 675 3648 si
685 3593 731 3650 tel
740 3609 798 3649 uon
811 3591 916 3652 idoneo
937 3604 1082 3667 tempore,
1095 3593 1143 3650 tel
1155 3607 1213 3652 non
1226 3586 1319 3665 legiti-

205 3685 291 3724 munt
304 3665 334 3726 in
346 3672 455 3739 locum,
464 3671 513 3729 vel
526 3687 584 3728 uon
597 3668 732 3746 legitimo
750 3670 849 3731 edicto
869 3673 994 3732 Senatus
1007 3684 1233 3739 convocareturt
1252 3684 1316 3746 quae

204 3744 303 3803 omnia
315 3743 423 3806 diserte
438 3749 566 3826 explicat
578 3746 638 3808 Dio
648 3750 679 3808 in
688 3749 735 3808 lib.
750 3751 788 3809 lv.
802 3751 888 3812 Rom.
903 3751 981 3810 Hist.
1122 3749 1123 3754 ’

245 3831 325 3882 9aut
338 3832 443 3883 antein
455 3827 535 3909 ilisa]
550 3827 631 3888 MStl
642 3830 722 3889 Jdan.
737 3831 810 3889 Bod.
824 3832 907 3892 Cant.
922 3832 1022 3890 Mead.
1037 3841 1068 3890 et
1078 3831 1161 3892 Harl.
1170 3833 1240 3896 duo,
1251 3845 1318 3888 cum

204 3903 272 3968 edit.
295 3905 387 3966 Ratrl.
402 3907 506 3968 habent
527 3923 589 3979 aut,
603 3929 662 3970 nou
676 3923 727 3976 et:
750 3912 863 3980 Recte;
884 3913 920 3970 de
934 3909 1045 3986 duplici
1064 3909 1142 3972 enim
1157 3929 1227 3971 casu
1241 3909 1315 3968 Nos·

203 3995 250 4045 ter
262 3985 344 4064 loqui
353 3986 484 4054 videtur3
505 3989 724 4050 alteroillorum
735 3989 829 4067 quiin
842 3990 940 4050 medio
953 4007 1042 4050 cursu
1057 3991 1238 4068 ftanguntur,
1252 3991 1317 4050 slte-

204 4083 238 4123 ro
246 4065 362 4126 illorum
374 4065 425 4144 qui
438 4085 529 4142 prope
540 4065 620 4129 finito
630 4089 718 4130 cursu
726 4073 896 4140 obruuntur,
906 4084 1062 4146 antequam
1076 4084 1196 4146 portum
1206 4065 1314 4144 conspi-

202 4163 271 4204 cere
284 4159 456 4222 potueruntt
475 4147 553 4223 quod
566 4149 672 4208 Crasso
685 4149 792 4219 evcnit,
814 4149 865 4227 qui
879 4163 1014 4209 mortuus
1029 4164 1083 4219 est,
1101 4169 1157 4208 non
1171 4149 1201 4225 in
1212 4145 1307 4210 media

203 4225 348 4285 honorum
362 4225 463 4303 spatio,
479 4228 530 4286 sed
540 4225 608 4286 ciam
623 4233 648 4284 εἰ
661 4249 756 4290 annua
771 4234 889 4302 pamas
908 4233 944 4290 ab
957 4237 1098 4288 ranarum
1119 4225 1316 4300 tietfaatcttoaa

203 4305 320 4372 aditum,
335 4311 453 4366 omnium
465 4327 606 4377 concessu,
619 4312 658 4365 ad
670 4330 805 4368 summam
817 4315 1016 4372 auctoritatem
1026 4315 1120 4368 dabat.

248 4386 258 4435 l
272 4384 429 4479 deamata]
440 4388 459 4447 i.
473 4408 499 4448 e.
510 4399 658 4464 occupata,
673 4387 825 4464 impedita,
839 4389 985 4468 obligata:
1013 4393 1057 4450 lto
1069 4389 1151 4450 enim
1165 4390 1273 4452 Noster
1284 4383 1312 4442 iu

204 4459 291 4518 Verr.
306 4463 434 4526 Artior.
451 4475 479 4526 9.
497 4470 658 4540 Propterea
673 4468 748 4544 qaid
760 4491 808 4532 eos
824 4472 988 4546 iotett'gere
1000 4473 1141 4548 vittatam,
1154 4490 1198 4540 aaa
1211 4468 1312 4546 tacita
