2808 5020
493 355 646 454 „araas
660 361 701 422 11.
725 361 767 426 ra
1126 373 1180 429 roa

82 521 348 614 praeceptorum
360 527 483 607 gosna,
499 515 538 578 ct
558 511 692 608 agenda
711 519 797 584 sunt
814 529 886 582 non
907 507 1182 596 mindsdisortd,

83 613 203 710 quam
218 617 301 709 ipuae
319 611 359 682 in
370 609 430 682 lito
441 605 634 691 dicuntum
657 609 857 706 objurgatio,
870 607 1072 688 cohortatio,
1100 631 1182 682 con-

84 711 217 784 solatio
230 731 239 782 t
254 729 401 808 quorum
422 702 511 778 nihil
532 716 603 785 est,
618 708 714 802 quod
738 729 811 780 non
828 728 961 780 summa
976 705 1114 780 dicendi
1131 731 1183 780 or*

86 805 466 884 namenadesideret;
490 803 553 874 sed
581 825 626 876 ex
649 804 795 877 artificio
822 828 877 876 res
904 805 983 878 istae
1010 817 1185 904 praecepta

83 927 169 980 non
182 913 359 1004 quaerunt.
412 900 538 980 Plana,
566 901 681 998 inquit
698 901 858 983 Catulus,
873 903 1079 978 assentior..
1105 906 1181 1004 Ago

87 999 639 1101 aerhirrquitAntoniusqualis
654 999 809 1082 oratoris,
828 1009 865 1072 ct
888 1002 1010 1168 <pucati
1035 1003 1183 1080 hominis

86 1103 127 1174 in
143 1102 298 1176 dicendo
314 1109 415 1197 putas
429 1123 528 1176 osse,
550 1098 727 1170 historiam
744 1099 893 1172 scribere
943 1100 988 1184 Si,
1008 1111 1046 1173 ut
1062 1101 1183 1176 Graeci

84 1201 323 1297 scripserunt,
341 1198 476 1279 summi,
498 1195 615 1292 inquit
631 1191 807 1270 Catulus:
832 1197 874 1276 si,
889 1207 931 1270 ut
946 1199 1069 1278 nostri,
1095 1201 1183 1278 nihil

5 1329 6 1336 ¹
85 1317 182 1396 opus
194 1305 412 1370 cstcratorc:
437 1293 519 1367 satis
534 1303 588 1366 ast
610 1316 685 1365 non
701 1316 779 1369 esse
794 1293 1009 1370 mendacem.
1059 1297 1184 1396 Atqui,

5 1399 6 1404 ’
84 1415 136 1468 nc
149 1406 288 1470 nostros
310 1403 531 1474 contemnas,
556 1392 671 1490 inquit
687 1392 881 1475 Antonius,
897 1391 1018 1468 Gracci
1041 1420 1183 1495 quoque

82 1493 249 1569 sic-initio
264 1494 519 1592 scriptitarunt,
536 1500 576 1562 ut
587 1501 707 1567 noster
717 1491 821 1569 Cato,
834 1500 871 1562 ut
888 1489 1017 1574 Pictor,
1031 1503 1072 1566 ut
1089 1497 1182 1572 Piso.

83 1591 172 1668 Erat
183 1593 279 1667 enim
303 1591 444 1665 historia
459 1586 548 1662 nihil
563 1589 668 1672 aliud,
695 1589 760 1661 nisi
785 1587 963 1662 annalium
990 1591 1186 1682 confestim

5 1741 7 1750 ›
81 1690 185 1786 cujus
199 1691 250 1764 roi
267 1690 517 1784 momoriaeque
535 1686 686 1784 publioae
704 1687 899 1778 retinendae
912 1690 1046 1771 causat,
1065 1693 1109 1764 ab
1121 1693 1183 1766 ini—

83 1789 137 1860 tio
152 1790 275 1860 rerum*
292 1789 538 1878 Romanarum·
559 1809 673 1880 usquo
702 1785 744 1858 ad
759 1785 797 1856 P.
808 1786 965 1859 Matium
981 1790 1183 1886 pontificem

85 1885 288 1957 maximum
301 1909 356 1959 ros
371 1907 494 1958 omncs
511 1882 729 1980 singulorum
743 1905 918 1957 annorum
935 1885 1121 1967 mandabat
1146 1881 1184 1960 lii

84 1984 175 2057 raris
191 1983 352 2081 pontifex
361 1982 551 2060 maximus,
564 1981 821 2081 6offerebatque
848 1982 887 2056 in
908 1983 1039 2068 albtun,
1055 1997 1094 2060 et
1109 2009 1183 2086 pro

81 2083 241 2180 ponebat
256 2080 406 2156 tabulam
422 2079 527 2162 domi,
552 2089 705 2175 potestas
731 2093 772 2155 ut
788 2089 881 2152 esset
894 2083 1024 2180 populo
1038 2099 1183 2182 cognosss

82 2179 195 2254 condi
208 2207 220 2266 3
231 2197 233 2202 '
244 2179 380 2276 ⁷,hiquc
394 2178 500 2254 otiam
516 2201 618 2251 nuno
629 2179 774 2251 annales
791 2179 933 2252 maximi
946 2181 1182 2256 nominantur,

83 2275 199 2352 Hstm
230 2277 498 2351 similitudinem
526 2275 702 2348 scribendi
730 2276 834 2350 multi
856 2279 969 2350 secuti
997 2291 1096 2362 sunt,
1120 2281 1185 2376 qui

81 2377 163 2450 sino
177 2376 257 2449 ullis'
268 2375 483 2454 ornamentis
494 2386 725 2474 monumenta
734 2375 851 2450 solim
861 2377 1198 2474 tomporum,homi-.

81 2492 182 2556 num,
194 2475 364 2556 locorum,
374 2484 623 2572 gestarumque
639 2494 756 2547 tortam
768 2473 1020 2574 relinquerunt.
1046 2477 1183 2577 Itaque,

83 2574 199 2671 qualis
231 2575 325 2674 apud
348 2573 497 2647 Graecos
511 2571 755 2670 Pherecydes,
783 2573 1000 2659 Hellanicus,
1026 2576 1185 2654 Acusilas

82 2673 167 2750 fuit,
182 2668 311 2772 aliique
323 2672 500 2767 permulti,
513 2671 588 2744 talis
602 2679 725 2750 nostor
738 2671 830 2746 Cato
843 2682 882 2744 ot
894 2674 1014 2747 Pictor
1030 2686 1067 2746 et
1080 2677 1166 2752 Piso
1174 2701 1185 2762 ;

82 2769 148 2868 qui
160 2793 280 2866 neque
289 2778 425 2851 tenent,
437 2769 560 2864 quibus
571 2769 674 2841 robus
683 2778 828 2841 ornatur
840 2769 1077 2861 oratiomodo
1091 2771 1185 2845 enim

83 2871 158 2942 huo
172 2869 331 2940 istasunt
340 2868 553 2965 importata),
563 2877 613 2948 ot,
626 2866 711 2968 dum
723 2867 952 2965 intelligatur,
968 2867 1054 2964 quid
1064 2869 1186 2943 dicant

82 2987 192 3041 unam
207 2965 350 3040 dicendi
381 2967 523 3038 laudem
540 2975 666 3060 putant
680 2989 757 3039 esse
784 2967 998 3041 brevitatem.
1049 2967 1183 3040 Paulo

81 3063 156 3138 lum
178 3089 217 3137 se
239 3065 363 3146 erexit,
381 3060 419 3137 et
433 3063 562 3136 addidit
589 3062 742 3156 historiae
758 3066 922 3164 majoram
949 3089 1074 3140 sonam
1091 3064 1184 3140 vocis

83 3165 137 3234 vir
158 3164 324 3260 optimus,
355 3162 472 3252 Crassi
500 3161 684 3245 familiaris,
714 3162 949 3258 ⁸Antipater:
973 3161 1093 3234 oaeteri
1109 3187 1184 3236 non

83 3270 318 3334 exornatores
325 3284 454 3345 rarum,
464 3261 531 3339 sed
548 3271 686 3338 tantum
702 3261 809 3339 modo
821 3269 1015 3338 narratores
1029 3261 1183 3338 fuorunt

136 3358 240 3433 XIII.
268 3359 348 3440 Est,
360 3360 475 3456 inquit
486 3359 643 3443 Catulus,
661 3368 703 3432 ut
720 3357 827 3432 dicis:
855 3357 917 3432 red
934 3358 996 3430 iste
1013 3359 1085 3456 ipse
1100 3360 1183 3432 Coe-

85 3457 155 3531 lius
167 3481 289 3554 neque
298 3457 461 3544 distinxit
476 3457 658 3536 historiam
674 3457 1052 3552 S’varietate-locorum
1069 3481 1186 3554 neque

125 3629 143 3678 6
157 3623 358 3700 offerebatque
372 3627 402 3678 in
413 3620 533 3706 olium]
546 3623 707 3682 Lambinus
720 3623 824 3684 maluit
833 3624 1028 3696 referebatque
1041 3624 1071 3678 in
1084 3611 1186 3682 album,

84 3701 226 3777 optima,
237 3713 271 3761 ut
280 3703 384 3779 opinor
397 3721 406 3758 a
426 3698 636 3780 salgataenini
652 3703 738 3762 lectio
749 3706 827 3762 nhlla
841 3701 931 3761 simili
946 3699 1093 3762 locutione
1115 3721 1185 3762 con·

83 3781 232 3852 firmanis,
244 3779 381 3842 Lambini
390 3779 463 3841 vero
473 3779 592 3842 lectioni
604 3779 711 3840 Livius
725 3781 815 3840 fidem
829 3777 927 3840 faciti.
943 3785 989 3837 32.
1003 3787 1005 3792 '
1039 3783 1139 3841 θφηπία
1152 3801 1185 3840 ca

84 3873 128 3918 e'x
137 3866 340 3920 conmentario
350 3862 609 3936 Regislronrs'ficem
623 3867 786 3927 maximum,
795 3859 825 3921 in
835 3861 934 3918 album
947 3863 1045 3932 relata,
1051 3873 1186 3932 mone·

67 3943 371 4016 ,reinfiublimjabea
414 3940 484 4002 MS.
499 3943 668 4000 Bodhabet
682 3943 867 4014 ffarodotque
884 3942 914 3996 t'n
933 3943 1045 4000 albuna:
1063 3941 1117 4020 scd
1128 3935 1184 3995 mi*
1221 3951 1224 3956 '

83 4018 142 4076 niis
155 4021 253 4099 placet
264 4034 386 4096 propter
398 4040 443 4091 ea,
458 4039 527 4098 quae
541 4031 711 4098 sequuntur,
717 4021 892 4090 proponebat
906 4025 1027 4078 rotulam
1044 4021 1125 4074 domi.
1171 4041 1177 4050 ¹<

124 4107 143 4158 7
154 4097 435 4180 hiqueetiomnunc]
450 4101 600 4160 Editiones
619 4105 696 4159 Van.
719 4097 842 4157 Mediol.
866 4112 897 4157 et
911 4096 1048 4159 Lambini
1070 4096 1184 4163 habent,
1265 4158 1269 4170 ¹

85 4181 168 4250 niqae
182 4182 359 4250 etiamnunc,
372 4192 429 4238 otc.
449 4180 578 4240 Manutii
590 4179 661 4239 voro
675 4181 758 4251 iique.
798 4179 929 4255 Vulgata
941 4176 1028 4236 lectio
1042 4175 1118 4242 tiqui
1127 4171 1185 4231 ier-

84 4256 301 4334 rino'r'rpotest,
314 4258 456 4336 quoniam
469 4277 526 4318 vox
536 4265 557 4318 ii
571 4277 640 4320 oum
655 4261 736 4317 nullo
749 4261 838 4317 verbo
857 4256 1047 4317 construitur,

130 4335 352 4420 Quintiliorum]
367 4339 404 4399 L.
416 4335 530 4402 Coelitrs
545 4339 710 4415 Antipater,
718 4339 755 4399 de
769 4357 829 4418 quo
840 4341 952 4398 Noster
964 4335 1050 4408 ptura
1062 4329 1094 4390 in
1109 4332 1185 4393 Bru·
1228 4367 1232 4371 ·

84 4427 127 4485 to,
148 4433 174 4474 c.
188 4419 234 4476 26.
509 4481 511 4486 ,
566 4419 569 4426 '

128 4501 147 4552 9
161 4500 301 4582 coartare
314 4503 434 4558 locorum
448 4495 478 4580 ς]
494 4499 512 4560 i.
527 4519 553 4562 e.
568 4497 746 4578 regionum:
773 4510 804 4560 et
824 4496 870 4558 ita·
877 4490 986 4554 Cicero
1003 4491 1033 4556 in
1049 4511 1116 4570 cap.
1137 4507 1185 4552 sc*
