2830 5014
197 377 214 406 ¹
225 375 289 430 trs»
652 369 711 428 nn
730 361 935 430 onnrolll:

225 520 317 609 aibr)
340 521 521 588 sumentur
536 513 630 590 enim
656 517 759 590 exiis
783 518 896 599 rebus,
921 535 1004 612 quae
1025 517 1128 588 erunt
1150 514 1348 590 ubemmae

227 616 280 687 vel
290 615 327 686 in
342 615 567 711 argumentis,
593 615 647 686 vel
661 615 699 687 in
713 616 755 687 iis
765 617 929 712 portibus,
948 614 1096 708 adquae
1113 611 1184 686 dixi
1197 613 1353 709 degredi

226 735 320 808 saepe
341 721 509 809 oportere.
557 715 611 786 Ila
623 722 659 783 et
671 712 836 786 momenti
853 709 982 805 aliquid
1006 711 1164 791 afferent,
1188 711 1272 787 crim
1297 737 1354 792 er·

227 820 296 883 unt
312 811 445 908 paene2
461 833 507 881 ex
522 810 646 883 intima
666 809 870 882 defensione
892 809 1098 904 depromta3
1122 819 1158 881 et
1169 809 1351 905 apparebit

227 931 270 980 ea
285 932 358 980 non
371 907 557 981 modbnon
571 908 941 988 essecommunia,nec
954 903 1083 978 insilias
1094 930 1231 980 caussas
1244 930 1357 1002 posse

226 1007 406 1078 transferri
423 1032 438 1101 :x
468 1006 531 1082 sed
556 1005 698 1104 penitus
719 1029 764 1084 ex
784 1029 822 1080 ea
843 1027 975 1084 caussa,
1003 1025 1086 1098 quae
1107 1011 1182 1076 tum
1208 1013 1353 1099 agatur,

224 1103 425 1175 effloruisse.
1288 1149 1291 1158 ·

275 1200 443 1272 LXXIX.
469 1201 585 1270 Omne
601 1211 718 1275 autem
745 1202 954 1298 principium
974 1210 1036 1274 aut
1061 1199 1111 1272 rei
1129 1200 1244 1282 totius,
1263 1197 1284 1268 ,3
1294 1201 1350 1273 de

181 1375 186 1388 ⁸
227 1321 296 1394 qua
310 1311 444 1394 agetur,
456 1295 750 1392 significationem
767 1300 890 1369 habere
905 1299 1057 1380 debebit,
1073 1308 1133 1372 aut
1148 1298 1282 1382 aditum
1301 1299 1353 1370 ad

225 1417 379 1468 caussam
397 1395 461 1466 tet
487 1392 731 1475 munitionem,
757 1403 815 1466 aut
843 1395 1016 1489 quoddam
1043 1391 1295 1472 ornamentum
1313 1406 1356 1470 et

225 1494 441 1592 dignitatem.
490 1491 560 1561 Sed
580 1501 783 1586 operietur
799 1492 935 1564 aedibus
951 1516 992 1562 ac
1016 1491 1356 1588 templisvestibula

227 1588 469 1669 stadiensem
494 1588 625 1660 caussis
648 1589 815 1687 principia
843 1587 1063 1686 proportione
1079 1613 1194 1662 rerum
1209 1614 1356 1687 praepo

229 1711 336 1760 nere:
362 1687 481 1783 itaque
497 1687 534 1758 in
566 1687 674 1783 parvis
693 1690 823 1784 ⁵atque
850 1686 1129 1782 infrequentibus
1155 1687 1290 1768 caussis
1307 1691 1364 1760 ab

231 1786 303 1884 ipsa
315 1809 351 1856 re
367 1793 421 1858 est
434 1783 581 1856 exordiri
594 1805 690 1882 saepe
703 1784 929 1858 commodius.
975 1785 1056 1864 Sed,
1072 1784 1154 1856 oiim
1169 1785 1236 1860 erit
1246 1794 1358 1858 uten-

227 1885 312 1957 dum
328 1882 501 1984 principio
517 1883 629 1978 (quod
645 1882 847 1978 plerumque
871 1881 968 1972 erit),
984 1889 1046 1954 aut
1070 1901 1116 1952 ex
1136 1905 1208 1960 reo,
1223 1891 1287 1952 aut
1304 1909 1355 1956 ex

238 2025 243 2032 ·
268 2005 414 2079 ΉιιΙςὸ,
428 2025 468 2060 ex
491 2009 593 2062 intimo
612 2009 774 2083 defensione
795 2009 979 2080 depromtae3
999 2017 1026 2062 et
1035 2009 1186 2074 apparebit
1199 2023 1258 2076 ees,
1271 2005 1352 2085 etc]

227 2085 329 2145 Voces
337 2086 500 2150 depromta,
513 2103 562 2140 eor
572 2094 605 2140 et·
614 2101 782 2154 communies,
806 2083 875 2142 cnm
898 2083 955 2144 sint
982 2083 1140 2150 Foeminini
1164 2085 1290 2161 generis,
1314 2086 1350 2144 in

228 2166 348 2239 vulgata
360 2160 485 2224 lectione
499 2162 667 2228 referuntur
680 2165 717 2225 ad
729 2181 780 2222 eas
792 2182 851 2233 ree,
861 2183 921 2235 que
935 2175 1020 2222 erunt
1035 2166 1242 2222 uberrimevel
1254 2169 1288 2222 in.
1296 2187 1349 2223 ar-

226 2244 381 2318 gumentis,
399 2245 448 2300 uel
463 2245 495 2298 in
520 2245 751 2315 degressionibus
767 2263 778 2304 .-
797 2244 849 2306 sed
862 2261 907 2310 eae
922 2261 970 2301 res
983 2261 1040 2302 non
1062 2241 1198 2302 dicuntur
1211 2244 1348 2320 depromi

229 2343 270 2382 ex
288 2320 390 2388 intima
408 2320 576 2388 defensione
593 2341 601 2376 ι
622 2334 692 2381 sunt
707 2321 788 2380 enim
802 2321 865 2401 ipsa
878 2321 980 2381 intima
992 2322 1129 2380 defensio.
1171 2323 1219 2382 De
1235 2324 1348 2382 Princi-

123 2423 127 2430 =
229 2401 286 2475 piis
300 2399 362 2456 sive
377 2399 513 2456 Exordlis
529 2399 579 2456 hic
592 2400 720 2475 loquitur
733 2401 889 2466 Antonius,
907 2420 973 2476 quae
988 2414 1141 2458 sumentur
1155 2423 1193 2459 ex
1206 2407 1243 2462 iis
1260 2407 1346 2462 retus

228 2489 288 2549 que
303 2489 388 2530 erunt
396 2481 555 2541 uberrime,
567 2487 621 2532 etc.
645 2479 727 2534 Tum
741 2477 819 2535 recte
829 2477 972 2552 sequitur,
992 2483 1043 2536 Ito
1052 2491 1079 2534 et
1089 2485 1226 2538 momenti
1235 2485 1348 2553 aliquid

227 2556 426 2626 efferemus.
447 2551 552 2614 scilicit
565 2555 726 2623 Principia.
766 2556 853 2616 Unde
867 2575 938 2616 cunr
957 2557 1142 2620 Lambinoet
1155 2561 1287 2622 Manutio
1301 2563 1345 2621 sic
1396 2609 1397 2633 2

227 2641 346 2709 textum
360 2632 521 2704 emendavi,
535 2631 595 2692 cim
609 2648 697 2698 erunt
715 2642 795 2703 pene
805 2655 843 2700 eu
856 2640 956 2712 intimo
971 2637 1135 2714 defensione
1145 2643 1304 2718 depromta,
1313 2657 1343 2700 ec

228 2713 380 2782 apparebit
401 2729 436 2769 eu
448 2730 503 2766 nou
514 2710 594 2769 modi
607 2731 663 2768 non
676 2734 737 2770 esse
763 2713 941 2786 communia,
956 2723 1009 2776 etc.
1032 2719 1140 2778 MStus
1163 2723 1244 2780 ioan.
1259 2725 1344 2783 habet
1395 2731 1396 2765 l

228 2799 284 2868 pro
293 2793 461 2859 depromptu
472 2810 576 2851 nocero
591 2794 684 2846 demta
696 2791 746 2849 rin
756 2805 893 2868 corrupta
901 2793 995 2872 igitur
1008 2817 1078 2857 voce
1092 2811 1230 2858 neutrum
1244 2815 1342 2862 tamen

232 2877 328 2946 'genus
342 2869 391 2927 hic
406 2881 564 2929 conservat.
606 2870 724 2947 Reliqui
739 2870 786 2928 hic
800 2870 886 2930 silent
895 2874 997 2932 Muti:
1012 2877 1063 2932 sed
1072 2875 1141 2933 edm
1155 2879 1218 2951 ipsa
1234 2881 1341 2942 ratione

229 2947 322 3026 liujus
337 2948 403 3017 loci,
425 2959 455 3007 et
474 2948 602 3009 doctrici
616 2948 829 3025 Principiorum
843 2964 967 3026 apparet
977 2953 1052 3020 haec,
1061 2971 1127 3028 quae
1142 2955 1288 3030 dicuntur,
1300 2983 1343 3022 so·
1393 2993 1394 3025 r

229 3029 269 3088 lis
282 3026 437 3104 Principiis
450 3027 567 3106 propria
579 3047 655 3099 esse,
665 3047 722 3090 non
736 3026 864 3088 dubitavi
878 3029 1025 3090 editorum
1044 3027 1241 3094 recentiorum
1256 3043 1342 3102 vesti·

230 3107 280 3188 gia
294 3106 473 3184 relinquere.
682 3113 683 3118 ’
1392 3123 1393 3158 l

234 3235 238 3248 ,
274 3191 336 3243 ide
351 3187 554 3268 perngerum]
575 3189 620 3272 lta
642 3186 724 3248 Msti
744 3189 827 3252 Cant.
844 3199 875 3249 et
894 3189 985 3268 Wag.
1004 3212 1046 3258 sc,
1059 3193 1164 3271 dequa
1183 3196 1219 3252 ab
1232 3212 1339 3264 oratore

129 3331 132 3349 1
231 3277 357 3340 agetur5
377 3279 411 3329 ut
436 3267 481 3334 bis
500 3267 531 3326 in
549 3267 604 3328 hoc
617 3267 712 3346 capite
733 3269 869 3342 occurrit,
891 3275 971 3342 apud
991 3292 1060 3346 quos
1073 3286 1186 3354 agetur.
1228 3277 1336 3360 Vulgi,

231 3359 413 3422 pupugetur.
442 3411 445 3426 μ
498 3418 502 3424 ¹
934 3421 936 3430 ,
1100 3401 1129 3414 ..

242 3469 245 3474 .
275 3428 556 3502 tetmunitionemfl
585 3427 739 3504 Victorius
752 3441 782 3490 et
794 3431 897 3506 Lsmb.
913 3451 984 3502 cum
998 3433 1034 3492 R.
1048 3443 1079 3492 et
1091 3433 1236 3511 C.Steph.
1246 3439 1336 3501 edide-

230 3518 300 3576 runt
311 3516 342 3562 et
352 3505 602 3586 communitionem,
627 3507 704 3581 quod
723 3509 907 3571 habetedam
931 3511 1037 3572 MStus
1056 3513 1141 3572 Nori.
1155 3526 1184 3572 at
1196 3514 1227 3572 in
1250 3518 1333 3578 msto

232 3581 318 3656 Mag,
340 3583 416 3656 inest
439 3596 469 3662 et
488 3588 749 3651 commutationem,
769 3585 800 3644 in
815 3587 912 3648 mstis
926 3591 997 3649 verb
1018 3593 1098 3650 ioan.
1110 3594 1193 3652 Cant.
1209 3606 1238 3654 et
1250 3597 1334 3676 Wag.
1387 3563 1389 3682 i

232 3671 262 3714 et
275 3665 313 3715 od
339 3667 580 3722 commutationem
590 3685 603 3730 ,·
621 3662 742 3722 forsitan
765 3683 819 3740 pro
842 3681 870 3724 et
887 3674 926 3726 ud
944 3675 1198 3743 commodationem,
1219 3673 1277 3734 slve
1291 3679 1334 3753 (ut

216 3737 320 3795 'hodie
335 3740 481 3820 scribitur)
503 3747 794 3806 accommodationem.
836 3749 880 3806 Ita
890 3747 970 3808 enim
984 3752 1020 3811 ad
1034 3753 1143 3822 Hercu.
1157 3751 1175 3808 i.
1187 3761 1214 3810 4.
1226 3751 1332 3827 dicitur,

233 3822 380 3884 eonueniet
406 3827 589 3886 exordiorum
610 3827 749 3890 rationem
763 3827 803 3880 cd
821 3845 915 3898 genus
939 3849 1037 3886 causer
1058 3836 1267 3891 accommodari.
1289 3837 1332 3902 De

195 3907 196 3914 ’
232 3895 295 3968 ,ΙωιΙ
311 3893 329 3952 i.
350 3901 392 3957 18.
439 3901 561 3976 Vulgare
575 3916 616 3966 est
627 3907 784 3974 exordium,
804 3910 878 3984 quod
888 3913 917 3964 in
939 3914 1041 3976 plures
1057 3930 1172 3968 caussas
1187 3921 1333 3982 potestur,

234 3977 414 4054 commodari,
426 3990 460 4032 ut
473 3985 627 4044 conuenire
644 3986 790 4050 uidentur.
831 3988 915 4054 Tum
929 3988 1000 4044 ordo
1013 3991 1170 4051 verborum
1184 3992 1238 4051 erit
1252 4015 1260 4063 ;
1278 4000 1332 4051 adi-

232 4066 295 4136 ium
309 4067 337 4112 et
349 4062 623 4126 accommodationem
636 4065 674 4119 ad
692 4081 829 4130 caussam.

232 4189 236 4208 Δ,
275 4145 389 4207 satque
402 4139 628 4220 infrequentibus
647 4141 771 4224 caussis]
798 4145 855 4202 Per
872 4165 986 4214 caussas
999 4153 1193 4230 infrequenter
1211 4150 1331 4230 intellige

233 4231 351 4282 caussas
365 4233 469 4308 parurn
490 4217 693 4309 frequentatas,
717 4222 840 4282 sive'eas
853 4245 919 4301 quae
940 4233 997 4293 non
1011 4230 1081 4288 tanti
1094 4242 1175 4288 crant
1189 4235 1330 4308 momenti,

233 4303 269 4384 pt
282 4296 536 4370 quamplurimiiis
543 4299 706 4374 judicandis
719 4301 863 4372 interesse¹
872 4307 1014 4376 solerent:
1036 4308 1175 4384 Sic-apud
1195 4311 1329 4372 Nostrum

233 4385 265 4440 tn
280 4372 333 4446 Ep.
352 4378 387 4432 ad
401 4375 460 4446 Qu.
476 4377 592 4444 Fratii.
611 4385 653 4444 ll.
675 4382 795 4450 Senatus
817 4397 937 4444 vocatur
958 4391 1140 4460 infrequens,
1161 4388 1230 4446 edm
1253 4395 1329 4466 pauci

234 4465 452 4524 conveneruntr
476 4459 540 4518 Nee
562 4457 707 4518 dissimile
735 4475 780 4518 est
800 4462 871 4524 illud
891 4464 970 4534 Livii
991 4466 1072 4524 xxxi.
1087 4473 1132 4521 23.
1176 4472 1239 4540 Quo
1251 4469 1328 4529 infre·

233 4527 513 4682 qcuaelptipeslilptrattrbis
528 4550 604 4608 sunt,
616 4545 720 4622 paucis
729 4545 862 4610 militibus
878 4550 984 4614 turrim
992 4549 1159 4628 strorirnum
1173 4568 1327 4626 murumque

233 4665 237 4676 .
273 4630 318 4678 „⁸
379 4673 381 4677 .
406 4650 414 4680 r
