2854 5016
259 357 296 406 aa
630 321 634 330 ’
660 347 718 406 us
738 343 943 406 carrona

262 498 305 570 de
332 496 414 576 tide,
430 495 474 566 de
490 495 692 598 frangendip
715 495 965 592 cupiditatibus
993 493 1038 566 de
1062 489 1323 584 mniopnusrdis

253 595 433 668 hominurn
446 594 610 673 moribus,
628 595 728 667 litera
744 594 782 666 in
793 617 915 664 eorum
936 593 1030 666 libris
1042 591 1137 666 nulla
1150 589 1322 664 invenire⁴

253 701 321 766 tur.
372 695 453 790 Ipsa
464 690 545 764 verb
555 701 739 788 prtecepta
751 689 801 760 sic
821 689 964 761 illudere
988 690 1134 771 solebat,
1149 700 1187 763 ut
1201 700 1321 762 osten

252 791 361 872 deret,
388 817 461 864 non
474 787 578 865 modb
601 813 662 860 eos
691 788 784 860 illius
817 794 978 883 expertes
1002 809 1079 857 esse
1108 787 1322 882 prudentiae,

251 913 354 986 quam
366 890 429 963 sibi
445 887 684 962 adsciscerent
695 915 705 972 3
730 885 791 958 sed
815 909 862 957 ne
884 888 974 957 hanc
993 882 1137 979 quidem
1152 887 1259 982 ipsam
1271 884 1322 956 di·

251 988 354 1063 cendi
371 989 539 1061 rationem
554 1009 594 1058 ac
611 984 700 1059 viam
716 1009 840 1058 nosse:
866 994 973 1080 caput
984 982 1081 1056 enirn
1092 1005 1170 1054 esse
1183 983 1324 1056 arbitra·

251 1086 349 1160 batur
365 1086 520 1167 oratoris,
536 1094 578 1156 ut
597 1095 634 1156 et
651 1083 747 1181 ipsis,
765 1082 859 1182 apud
872 1105 962 1178 quos
978 1089 1109 1178 ageret,
1126 1081 1219 1162 talis,
1237 1105 1324 1177 qua·

251 1183 320 1256 lem
339 1209 376 1256 se
388 1184 462 1280 ipse
473 1192 619 1278 optaret,
633 1183 807 1254 videretur
825 1182 877 1273 (id
892 1179 1061 1254 fieriuitoe
1074 1179 1254 1277 dignitate,
1275 1179 1324 1250 de

252 1301 321 1376 qua
337 1281 423 1354 nihil
446 1279 607 1356 rhetorici
633 1279 691 1354 isti
707 1279 868 1352 doctores
884 1279 922 1351 in
940 1278 1126 1374 praeceptis
1143 1278 1214 1352 suis
1244 1277 1324 1350 reli·

252 1380 435 1476 quissen);
460 1377 565 1452 etuti
593 1401 726 1459 eorum,
750 1377 811 1474 qui
829 1377 1006 1458 audirent,
1029 1376 1077 1450 sic
1099 1377 1323 1450 allicerentur

252 1479 371 1558 animi,
388 1491 429 1550 ut
449 1501 510 1550 eos
526 1476 718 1550 afficivellet
736 1487 869 1550 orator:
894 1475 1112 1572 ⁷quoditcrn
1131 1476 1207 1548 fieri
1221 1475 1322 1547 nullo

251 1579 474 1672 modoposse,
491 1576 557 1648 nisi
571 1587 803 1672 cognosceret
818 1576 859 1657 is,
876 1575 936 1672 qui
949 1575 1092 1655 diceret,
1109 1599 1164 1671 qu
1178 1584 1196 1646 t
1207 1572 1321 1646 modis

251 1675 434 1748 hominum
456 1683 605 1754 mentes,
629 1674 805 1771 atquibus
827 1675 942 1757 rebus,
959 1686 997 1747 et
1012 1697 1085 1770 quo
1099 1697 1228 1771 genere
1252 1695 1326 1746 ora·

253 1771 358 1844 tionis
376 1774 416 1844 in
428 1795 605 1870 quamque
623 1784 752 1870 partem
765 1783 988 1848 moverentur
1002 1799 1010 1846 :
1025 1773 1103 1846 haec
1120 1782 1235 1846 autem
1247 1793 1326 1842 esse

250 1871 392 1964 penitus
402 1873 442 1938 in
451 1871 561 1940 media
579 1872 790 1964 philosophie
799 1883 936 1946 retrusa
952 1881 1058 1967 atque
1072 1871 1196 1954 abdita,
1214 1869 1329 1964 ⁸quoe

251 1965 309 2035 isti
337 1963 493 2034 rhetores
515 1985 561 2032 ne
588 1962 794 2055 primoribus
813 1969 956 2056 quidem
985 1967 1087 2042 labris
1101 1968 1327 2054 attigissent.

251 2061 303 2130 Ea
318 2057 551 2132 Menedemus
569 2056 738 2152 exemplis
762 2057 880 2153 magis,
906 2057 1017 2152 quam
1032 2059 1250 2152 argumentis
1266 2085 1330 2132 co·

213 2222 216 2230 ’
292 2209 310 2260 7
325 2207 401 2276 quod
411 2201 483 2259 item
482 2201 557 2272 steri
566 2203 642 2255 nullo
654 2203 736 2255 medo
742 2200 860 2276 possa]
875 2197 1023 2273 Displicet
1036 2199 1155 2274 vulgata
1164 2215 1223 2256 vox
1232 2201 1328 2264 item}
1417 2229 1418 2278 3

253 2283 418 2342 Lambinus
431 2279 560 2358 conjecit
579 2283 655 2351 quod
670 2279 803 2351 infieri,
816 2291 871 2338 etc.
891 2281 1012 2337 sednon
1033 2277 1130 2336 favent
1143 2277 1213 2337 huic
1229 2280 1327 2340 Muti.

251 2363 336 2422 MSti
350 2361 422 2430 verb
437 2361 521 2434 Mag.
536 2361 618 2416 Harl.
630 2367 658 2414 2.
672 2371 703 2416 et
715 2359 861 2417 editiones
875 2361 954 2417 Van.
969 2371 999 2416 et
1015 2359 1099 2417 Raul
1113 2360 1227 2429 babent,
1249 2367 1328 2430 quod

251 2442 499 2512 idemfieri,etc.
520 2441 655 2512 beneput
674 2436 795 2512 opinare
827 2437 870 2497 sic
892 2437 975 2498 enirn
996 2437 1104 2497 Cicero
1118 2440 1136 2495 l.
1148 2437 1190 2498 iii.
1204 2441 1242 2500 de
1255 2440 1324 2500 Fin.
1353 2487 1354 2493 t
1416 2491 1417 2494 ,

252 2524 328 2592 quod
342 2520 424 2577 idem
436 2519 628 2586 Peripatetici
644 2535 701 2575 non
713 2529 833 2576 tenent:
854 2532 885 2578 et
897 2517 972 2584 alibi,
985 2524 1062 2589 quod
1070 2517 1150 2576 idem
1165 2525 1199 2576 in
1210 2526 1324 2580 ceteris

251 2601 366 2656 artibus
379 2615 434 2654 non
448 2599 607 2668 contingit:
629 2609 659 2656 et
673 2597 710 2655 de
726 2597 807 2657 Orat.
820 2597 853 2656 ii.
864 2607 909 2655 61.
926 2602 1000 2671 quod
1012 2599 1092 2658 idem
1106 2603 1136 2655 in
1147 2603 1219 2657 dono
1233 2621 1322 2658 seruo

251 2681 308 2736 dici
321 2683 408 2735 solet:

295 2766 311 2814 8
333 2777 399 2834 quae
412 2760 464 2815 isti
478 2762 621 2816 Rhetores
636 2779 673 2815 ne
692 2757 890 2839 primoribus]
913 2760 956 2818 Ut
977 2775 1056 2818 nunc
1079 2779 1111 2818 se
1132 2763 1220 2820 habet
1234 2761 1323 2820 lectio

251 2840 378 2912 vulgata,
393 2837 432 2907 id,
446 2840 524 2914 quod
537 2852 620 2898 antea
633 2838 745 2897 dictum
760 2837 867 2906 fuerat,
881 2842 914 2896 in
923 2841 977 2895 hac
987 2838 1139 2910 sententia,
1148 2839 1246 2902 solirm
1256 2862 1324 2901 mu·

251 2914 317 2976 tatis
330 2916 437 2990 verbis,
462 2917 625 2991 repetitur:
646 2935 682 2974 ea
705 2916 787 2974 enim
802 2919 890 2974 verba
904 2922 982 2990 quod
1001 2919 1166 2992 idemfieri,
1180 2929 1236 2979 etc.
1252 2921 1322 2980 satis

251 2995 351 3054 dicunt
362 2995 507 3054 Rhetores
522 3009 670 3071 praecepta
682 2996 879 3071 philosophiae
894 3016 951 3054 nou
963 2996 1109 3055 didicisse.
1138 2999 1233 3070 Adde,
1242 3001 1324 3077 qubd

251 3074 428 3134 Antitheton
441 3076 472 3133 in
484 3077 602 3152 vulgata
616 3074 739 3135 lectione
749 3093 869 3150 prorsus
884 3079 1002 3144 exulat3
1024 3094 1111 3135 voces
1122 3090 1221 3136 autem
1230 3084 1325 3137 medic

249 3167 281 3212 et
289 3155 467 3224 primoribus
481 3155 538 3214 sibi
555 3153 684 3214 invicem
697 3155 932 3232 opponidebeut.
974 3153 1148 3232 Suspicatus
1168 3169 1214 3216 est
1226 3158 1321 3234 igitur
1386 3204 1387 3207 ,

251 3233 316 3290 ish.
333 3235 495 3292 Walkerus
504 3235 646 3294 mendum
660 3233 709 3294 hic
718 3237 822 3305 ,latera
835 3248 867 3295 et
877 3254 931 3312 pro
945 3255 1014 3308 que,
1029 3237 1244 3304 Mousadvum
1257 3238 1318 3298 sin-

253 3313 389 3386 gularem
403 3333 487 3385 quam
511 3310 598 3369 scribi
621 3324 776 3388 oportere;
806 3328 840 3373 ut
864 3318 898 3374 ad
922 3313 1141 3390 Philosophiam
1166 3316 1320 3377 reseratur.

250 3393 337 3450 Hanc
350 3403 449 3451 autem
462 3388 665 3466 conjecturam
679 3391 852 3452 confirmant
861 3394 962 3454 Crassi
975 3398 1071 3461 verba,
1082 3395 1114 3454 iii
1135 3403 1183 3450 21.
1195 3400 1323 3454 dummo-
1412 3407 1413 3410 ’

251 3476 286 3528 do
299 3476 348 3529 illa
361 3491 410 3528 res
429 3481 508 3527 tanto
523 3471 755 3536 sirmiensibus
771 3471 1018 3550 Philosophorum
1033 3472 1123 3540 libris,
1137 3491 1213 3548 quos
1238 3494 1321 3532 nemo

253 3556 413 3610 Raetorum
425 3554 544 3606 istorum
551 3566 675 3618 anquam
686 3553 795 3622 attigit,
802 3560 1008 3622 comprehensa
1018 3568 1077 3608 ease
1088 3555 1230 3610 videatur.
1246 3556 1321 3614 Sen-

252 3649 302 3686 sus
316 3628 408 3704 igitur
421 3627 511 3706 hujus
531 3627 589 3684 luci
612 3639 676 3686 est:
698 3629 846 3690 Rhetores
860 3649 918 3690 non
930 3643 1055 3706 possunt
1068 3633 1226 3692 Oratorem
1239 3637 1317 3695 bene
1411 3665 1412 3710 p

250 3708 403 3766 instituere
418 3730 426 3777 ;
447 3709 555 3766 Orator
569 3705 648 3765 enirn
664 3709 751 3768 debet
761 3728 940 3786 cognoscere
952 3709 1013 3768 uim
1027 3724 1057 3767 et
1071 3721 1246 3785 potestatem
1259 3715 1319 3774 affi-

251 3785 350 3846 ciendi
360 3787 474 3846 animos
485 3785 687 3846 audientium:
708 3807 774 3864 quae
790 3791 833 3848 vis
849 3789 909 3848 sive
924 3802 1053 3864 potestas
1067 3790 1100 3856 in,
1112 3790 1210 3851 media
1220 3794 1317 3853 rhilo-

252 3865 356 3940 sophia
369 3866 462 3940 posita
475 3881 529 3926 est.
544 3869 694 3926 Rhetores
706 3868 777 3926 verb
791 3887 848 3926 non
865 3868 962 3928 solium
974 3888 1031 3927 uun
1046 3869 1175 3930 mediam
1190 3876 1318 3950 philoso-

250 3945 352 4022 phiam
365 3947 534 4018 hauserunt,
559 3949 611 4006 sed
625 3965 662 4006 ne
683 3948 883 4024 superficiem,
897 3948 1089 4010 minimamve
1113 3951 1181 4030 ejus
1201 3967 1317 4029 partem

251 4027 419 4102 attigerunt.
460 4028 542 4104 Ergo
556 4045 612 4084 non
625 4041 750 4102 possunt
772 4027 816 4086 illi
836 4029 927 4104 (quod
940 4040 1038 4088 tamen
1052 4033 1171 4090 Oratori
1184 4033 1314 4092 maxime

251 4105 457 4166 necessarium
470 4106 540 4184 est)
554 4107 715 4167 doctrinam
728 4109 887 4168 affectuum
897 4109 1014 4168 Oratori
1024 4114 1147 4172 tradere.
1168 4111 1314 4172 Gravissi·
1409 4159 1410 4162 ,

249 4205 299 4244 ma
314 4197 361 4244 est
376 4186 542 4248 Rhetorurn
554 4188 708 4257 accusatio,
722 4186 790 4247 cirm
805 4187 940 4246 dicantur
952 4208 1009 4248 non
1018 4193 1115 4250 solum
1135 4209 1192 4250 nnn
1206 4191 1315 4252 intelli·
1409 4235 1410 4255 t

249 4283 322 4341 gere
335 4278 498 4344 praecepta,
511 4267 563 4326 sed
574 4285 612 4326 ne
625 4270 716 4329 ullam
729 4285 850 4345 oper-arn
862 4268 978 4330 dedisse
986 4270 1029 4330 illi
1039 4270 1117 4345 Arri,
1125 4270 1155 4330 in
1165 4291 1222 4349 qua
1234 4290 1312 4349 prae·

248 4354 333 4419 cepta
345 4344 394 4402 illa
402 4346 634 4414 continerentura
