2854 5016
491 367 620 440 LIBER
638 369 664 431 l·
683 373 728 436 20.
1124 375 1161 426 29

97 517 435 604 nubaturrefellere:
458 519 657 594 memoriter
665 516 760 590 enim
768 515 879 589 *multa
887 542 936 590 ex
947 515 1165 592 orationibus

96 617 352 702 Demosthenis
370 613 537 712 praeclare
557 613 683 709 scripta
705 615 932 710 pronuntians
954 616 1099 690 docebat
1127 617 1165 698 it

97 716 187 798 lum,
203 717 242 790 in
257 713 382 788 animis
392 713 446 784 vel
455 711 616 808 judicum
628 712 681 802 vel
693 710 814 808 populi
831 711 871 786 in
882 739 1019 790 omnem
1030 725 1165 812 partem

93 813 251 889 dicendo
273 809 523 910 permovendis,
551 835 626 884 non
654 809 763 882 fuisse
783 809 963 906 ignarum,
982 816 1109 911 quibus
1126 839 1166 888 ea

94 915 217 996 rebus.
231 920 518 1006 consequeretur,
551 933 639 1006 quae.
663 917 810 1006 negaret
840 910 901 984 ille
920 909 996 984 sine
1020 913 1164 1009 philoso·

94 1010 177 1108 phia
189 1027 399 1110 quemquam
412 1009 499 1084 scire
515 1033 629 1106 possa.
1071 1055 1073 1060 ·

145 1110 222 1183 XX.
249 1107 372 1182 9Huic
390 1105 447 1181 ille
460 1107 706 1204 respondebat,
723 1135 801 1186 uon
813 1133 850 1182 se
872 1135 999 1208 negare
1020 1111 1165 1184 Democ-

97 1207 248 1280 thenem
261 1231 428 1284 summam
442 1207 662 1304 pmdentiam
674 1232 913 1306 summamque
925 1209 994 1285 vim
1006 1208 1168 1284 babuisse

13 1325 14 1330 ’
94 1305 260 1380 dicendi:
286 1305 347 1382 ced
365 1305 452 1398 (sive
464 1305 526 1378 wille
548 1307 616 1382 hoc
639 1306 783 1404 ingenio
809 1309 990 1408 potuisset,
1020 1308 1105 1391 sive,
1130 1307 1169 1382 id

94 1405 191 1500 quod
202 1413 392 1488 constaret,
404 1405 563 1480 Platonis
573 1407 916 1500 studiosusaudiendi
927 1408 1169 1499 fuissettmn

94 1503 180 1598 quid
196 1503 254 1586 isse
267 1505 451 1602 potuisset,
467 1505 529 1578 sed
547 1505 633 1603 quid
646 1505 700 1580 isti
717 1495 898 1586 doceient
915 1531 990 1578 esse
1004 1527 1168 1600 quaeren-

93 1601 189 1678 dum.
239 1604 343 1701 Saepe
359 1604 464 1680 etiam
488 1604 527 1681 in
550 1629 625 1680 eam
650 1613 782 1708 partem
803 1606 977 1680 ferebatur
1000 1602 1170 1683 oratioue,

99 1699 168 1776 lut
182 1703 391 1782 omnimodis
407 1703 609 1798 disputaret,
621 1706 890 1782 nullamartem
911 1726 990 1776 esse
1006 1699 1168 1774 dicendi:
1266 1790 1269 1796 ,

13 1843 14 1874 l
91 1798 201 1896 idque
213 1803 299 1876 cum
315 1801 728 1896 argmneutisdocucrct,
739 1800 905 1894 *quod-ita
919 1800 991 1870 nati
1006 1821 1171 1877 essemus,
1244 1821 1246 1824 ·

13 1921 15 1966 τ
91 1910 137 1970 ut
153 1910 189 1968 et
203 1897 351 1968 blandiri
368 1909 403 1966 ct
419 1895 622 1992 suppliciter
638 1895 815 1968 insinnare
827 1895 879 1971 iis,
896 1898 917 1964 ὲ
934 1894 1061 1987 quihus
1078 1901 1172 1966 esset

91 1992 300 2092 petendum,
318 2001 353 2074 et
367 1991 577 2066 adversarios
604 1985 790 2064 minaciter
816 1997 946 2066 terrere
967 2007 1170 2086 possemusr

84 2102 129 2174 et
145 2097 370 2185 remigantem
383 2109 590 2182 exponere3
627 2095 666 2160 et
692 2087 740 2168 id,
770 2087 866 2184 quod
891 2085 1169 2170 intenderemus,

91 2193 322 2274 confirmem
346 2194 382 2258 et
398 2184 444 2266 id,
463 2183 560 2282 quod
576 2193 699 2266 contra
716 2187 905 2268 diceretur,
919 2187 1077 2262 refellere
1091 2215 1102 2274 3
1127 2198 1165 2260 et

13 2315 14 2340 ³
91 2288 344 2374 adextrcmum
361 2282 538 2382 deprecari
553 2282 684 2380 aliquid
701 2294 739 2357 et
751 2284 922 2380 conqueri
938 2311 948 2367 ;
974 2285 1101 2380 quibus
1128 2285 1167 2360 in

91 2388 196 2459 rebus
209 2384 323 2458 omnis
339 2392 514 2458 oratorum
526 2391 719 2456 uersaretur
732 2383 902 2472 facultas:
927 2391 964 2456 et
978 2379 1168 2480 qubdcom

13 2507 14 2576 ξ
92 2483 245 2559 suetudo
262 2482 537 2578 exercitatioque
550 2489 586 2553 ct
603 2481 823 2580 intelligendi
836 2480 1055 2580 prudentiam
1067 2503 1168 2556 acue-

13 2583 14 2588 ’
91 2591 158 2664 ret,
175 2592 213 2654 et
229 2581 421 2680 eloquendi
446 2580 663 2666 celeritatem
679 2582 862 2656 incitaret:
890 2589 970 2656 tum
986 2581 1096 2678 etiam
1108 2607 1166 2654 ex»

92 2681 291 2778 emplorum
317 2681 415 2776 copia
430 2680 626 2756 nitebatur:
653 2703 734 2754 nam
750 2679 1022 2776 primumquasi
1051 2679 1167 2752 dedita

92 2803 209 2877 opera,
223 2776 406 2870 ¹neminem
418 2777 621 2872 scriptorem
637 2778 720 2850 artis
736 2802 783 2850 ne
792 2777 1011 2850 mediocriter
1022 2777 1168 2872 quidem

63 2961 68 2968 ,
97 2877 269 2950 disertum
285 2876 391 2958 fuisse
409 2875 556 2955 dicebat,
574 2873 656 2949 crim
672 2884 848 2974 repeteret
864 2876 1010 2972 usquea
1036 2873 1168 2949 Corace

96 2975 216 3054 nescio
229 3000 310 3072 quc,
328 2983 366 3047 et
379 2975 487 3055 Tisia,
503 2992 593 3070 quos
608 2977 690 3049 artis
702 2975 791 3049 illius
807 2975 1008 3048 inventores
1022 2981 1060 3046 et
1076 2974 1167 3070 prin·
1221 2985 1230 3008 ⁸

13 3121 14 3126 κ
93 3077 188 3174 cipes
200 3073 309 3148 fuisse
322 3082 522 3148 constaret:
547 3072 854 3169 eloquentissimos
864 3083 984 3145 xantem
993 3071 1167 3171 homines,

91 3174 154 3269 qui
170 3173 237 3246 ista
252 3199 320 3249 nec
336 3171 540 3246 didicissent
570 3171 586 3220 2
607 3200 674 3250 nec
702 3173 848 3244 omnino
864 3169 953 3238 scire
978 3179 1166 3248 curassent,

91 3271 368 3344 innumerabiles
395 3270 565 3366 quosdam
590 3270 810 3347 nominabat:
848 3263 1034 3359 inquibus
1060 3267 1165 3342 etiam

87 3411 90 3420 ¹
134 3439 152 3488 9
169 3427 273 3506 Vulgb
289 3432 366 3488 Hrdc
381 3426 597 3509 respondebam]
621 3427 696 3500 Quis
710 3429 929 3500 respondebor?
949 3405 1165 3490 non'lllonede·
1236 3400 1240 3405 i

92 3531 185 3574 mus:
206 3521 236 3568 at
248 3509 304 3567 iste
318 3511 398 3568 solus
411 3507 618 3568 Nominativns
632 3527 718 3568 casus
731 3521 930 3584 praecesserat.
971 3511 1057 3586 Lege
1071 3509 1165 3587 igitur·

93 3595 142 3654 val
157 3609 231 3650 cum
256 3588 356 3648 Mssa,
368 3589 445 3647 ch.
461 3588 604 3647 ennead.
619 3602 648 3648 ct
669 3590 812 3659 Manutio,
830 3592 886 3648 Hic
901 3594 1103 3660 respondebat,
1117 3593 1164 3651 vel
1274 3585 1279 3596 ’

95 3692 165 3732 cum
189 3667 364 3730 editionibus
388 3671 466 3728 Ven.
490 3681 522 3741 et
544 3668 667 3729 Mediol.
708 3673 784 3728 Huic
797 3669 849 3728 illc
872 3675 1088 3740 respondebor:
1107 3671 1162 3733 i.e.

96 3751 277 3811 Charmadas
291 3751 485 3812 Menedemo.
1024 3740 1031 3754 '

140 3839 151 3885 l
169 3842 201 3886 ut
215 3829 392 3892 omnimodis
402 3827 589 3909 disputarea]
605 3827 706 3906 Vulgb
726 3830 859 3908 legimns
872 3843 904 3886 ut
917 3837 1024 3890 omnino
1037 3835 1164 3902 diepam-

95 3921 166 3974 ret,·
187 3909 241 3967 sed
251 3909 432 3969 Aduerbium
446 3913 552 3966 ammae
565 3929 634 3970 cum
650 3912 738 3968 verbo
750 3914 918 3981 disputaret,
927 3914 1086 3986 eleganter,
1097 3931 1164 3972 mea

99 3987 255 4058 secontia,
269 3989 409 4068 conjungi
418 4008 475 4048 non
489 4002 603 4065 pereso
624 3989 736 4048 Melior
750 3989 798 4048 hic
809 4001 854 4048 est
863 3991 944 4061 ordo,
958 3997 994 4051 Ur
1005 3999 1162 4062 disputaret

100 4073 206 4130 nullom
219 4067 450 4140 ammonariam,
463 4082 519 4127 etc.
561 4071 620 4130 Sed
643 4069 748 4144 optimi
763 4069 849 4130 istius
872 4072 955 4132 MSti
973 4075 1054 4132 Joan.
1076 4067 1166 4126 lectio

99 4148 270 4225 recipienda
284 4161 338 4218 est,
353 4161 385 4206 ut
398 4149 577 4210 omnimodis
591 4155 751 4221 denotarer
762 4175 774 4218 ,·
794 4149 875 4229 aqua
888 4170 945 4210 non
958 4155 1044 4228 longe
1058 4151 1163 4208 absunt

99 4229 185 4288 Mati
206 4229 288 4305 Mag.
303 4241 334 4288 et
346 4229 441 4286 Gonv.
454 4242 486 4286 ut
498 4229 666 4290 omnimode
677 4232 846 4301 diaputaren
860 4244 915 4290 etc.
1031 4279 1033 4286 ,

140 4315 218 4368 auec
231 4314 337 4368 ommno
350 4308 427 4368 scire
445 4308 619 4403 carcasona]
634 4311 784 4386 Tempore
807 4308 951 4387 praesenti¹
966 4307 997 4362 in
1021 4307 1075 4362 hoc
1089 4306 1163 4378 loco,

100 4406 162 4459 non
170 4388 301 4465 perfecto
314 4407 390 4467 opus
404 4400 467 4450 est:
490 4390 622 4468 Reposur
635 4389 726 4470 igitur
734 4395 807 4452 rcirc
815 4394 880 4452 loco
890 4391 983 4458 cetrae,
993 4387 1162 4450 auctoritate
