2830 5014
206 415 265 468 Μ
635 393 695 460 DE
714 393 920 459 omum:
1028 477 1033 486 Ι

205 550 347 628 incidat,
371 547 545 646 adspiciat,
569 543 767 628 admiretur,
783 547 966 644 stupescat
1011 541 1116 627 'Quid
1131 539 1193 615 ille
1208 535 1324 652 alter?
1357 625 1365 636 Ι

246 649 500 724 ῧ-η--Ωιιίά
509 660 609 720 petam
620 649 767 720 prasius?
1165 673 1168 682 ·

201 739 310 834 quarn
323 733 474 808 leniter?
498 729 783 830 quamremisse?
806 728 916 828 quim
931 727 1187 806 nonactuost?
1215 727 1322 803 instat

202 857 311 914 emm,
977 901 979 906 .

246 937 380 1006 Ouarar,
399 937 688 1006 circumornatus
706 931 844 1014 domuel.
895 945 897 952 ¹
1165 969 1168 974 -

202 1020 327 1116 inquo
340 1033 435 1096 tanta
452 1022 658 1096 commoveri
673 1021 765 1096 actio
777 1045 852 1094 non
867 1030 997 1118 posset,
1007 1017 1036 1094 si
1053 1028 1149 1094 esset
1163 1041 1324 1096 consum·

202 1125 238 1190 te
254 1119 431 1214 superiore
452 1129 554 1192 motu
579 1129 617 1194 et
632 1119 809 1194 exhausta.
860 1119 989 1218 Neque
1012 1119 1048 1193 id
1073 1127 1208 1192 actores
1223 1121 1323 1219 priua

202 1213 376 1297 viderunt,
390 1220 498 1311 quam
509 1217 573 1314 ipsi
590 1217 720 1314 po'e‘toe,
734 1218 840 1314 quem
851 1217 1005 1320 denique
1016 1217 1063 1290 illi
1077 1217 1192 1300 etiam,
1205 1219 1263 1314 qui
1273 1219 1327 1292 ie-

202 1323 328 1388 eertmt
351 1313 484 1394 modos,
502 1313 663 1411 aquibus
677 1314 834 1410 utrisque
850 1316 1084 1388 summittitur
1098 1315 1245 1411 aliquid,
1267 1315 1326 1390 de·

201 1401 679 1509 indeaugetur,extenuatur‚
691 1411 1250 1507 inflatur,variatur‚distinguitur.
1269 1415 1328 1487 Ita

200 1507 246 1580 sit
269 1509 368 1582 nobis
380 1508 483 1608 igitur
501 1518 645 1584 ornatus
662 1518 698 1580 et
711 1507 822 1582 suavis
838 1516 958 1582 orator
975 1510 1057 1601 (neo
1070 1515 1191 1584 tamen
1206 1521 1331 1608 potest

199 1603 334 1679 ⁹sliter
360 1610 466 1699 esse),
483 1620 524 1682 ut
548 1607 748 1680 suavitatem
776 1606 899 1678 habeat
914 1615 1084 1682 austeram
1109 1617 1146 1680 et
1158 1609 1329 1690 solidam,
1387 1619 1388 1636 *

200 1725 279 1780 non
294 1705 436 1779 dulcem
451 1717 558 1804 atque
571 1705 775 1780 decoctam:
792 1704 954 1802 nantipsa
965 1704 1009 1776 ad
1021 1704 1219 1778 ornandum
1233 1730 1329 1804 prce-

201 1809 303 1900 uepta
318 1825 402 1900 quae
419 1803 556 1896 dantur,
572 1803 740 1901 ejusmodi
754 1813 845 1884 sunt,
861 1810 903 1873 ut
918 1826 958 1873 ea
973 1802 1127 1900 quamtis
1149 1803 1328 1904 vitiosissi-

201 1923 279 1972 mus
300 1902 444 1973 orator¹
465 1903 636 1999 explicare
652 1901 769 2000 possit.
820 1901 955 1983 Quare,
983 1907 1024 1970 ut
1043 1907 1125 1971 ante
1154 1899 1239 1980 dixi,
1266 1903 1329 2000 pri-
1387 1905 1388 1954 ἐ

199 1996 297 2076 mrim
316 1999 400 2070 silva
424 2024 540 2071 rerum
557 2023 597 2070 ac
623 1998 879 2072 sententiarum
906 1995 1137 2094 comparanda
1155 2007 1234 2085 est;
1258 2024 1326 2097 qua

200 2091 245 2166 de
256 2105 355 2192 parte
372 2093 462 2168 dixit
478 2095 682 2170 Antonius:
707 2094 787 2176 haec
802 2093 984 2167 formanda
995 2095 1070 2172 filio
1086 2094 1161 2191 ipso
1173 2106 1212 2168 et
1223 2121 1325 2194 gene·

199 2215 239 2264 re
254 2193 431 2277 orationis,
449 2193 678 2268 illtuninanda
691 2191 991 2273 verbiavarianda
1006 2193 1200 2266 sententiis.

250 2290 403 2365 XXVII.
429 2293 570 2365 Summa
581 2303 700 2366 autem
715 2291 791 2364 laus
801 2321 804 2326 ¹
816 2289 1030 2388 eloquentiae
1044 2300 1108 2372 est,
1119 2294 1323 2389 amplificare

199 2412 275 2460 rem
291 2389 471 2473 ornand03
492 2391 588 2486 quod
604 2392 696 2462 valet
707 2411 780 2461 non
791 2388 905 2458 solum
923 2389 1182 2484 adaugendum
1194 2393 1320 2489 aliquid

199 2495 238 2556 et
256 2485 452 2558 tollendum
467 2486 577 2556 altius
599 2485 762 2562 dicendo,
788 2482 852 2556 sed
867 2481 1032 2556 etiamad
1056 2491 1322 2565 extenuandum

199 2587 304 2676 atque
319 2579 563 2678 abjiciendum.
615 2580 659 2653 Id
688 2578 903 2652 desideratur
930 2581 1093 2655 omnibus
1115 2585 1208 2661 iis'in
1227 2590 1322 2670 locis,

200 2699 291 2773 quos
304 2676 321 2725 ²
336 2677 380 2750 ad
400 2678 507 2751 fidem
523 2676 687 2750 orationis
699 2677 891 2750 faciendam
907 2677 1058 2752 adhiberi
1075 2680 1161 2756 dixit
1173 2685 1324 2760 Antoni·

199 2799 252 2858 us,
264 2774 318 2848 vel
331 2774 413 2850 edm
435 2773 661 2876 explanamus
675 2775 817 2873 aliquid,
843 2776 898 2848 vel
916 2776 1000 2850 edm
1015 2779 1322 2858 conciliamusani·

241 2921 260 2974 0
279 2914 392 2994 vulgo,
415 2918 497 2989 Quid
505 2924 606 2985 petam
620 2912 753 2992 praesidii
763 2911 792 2992 ἰ]
806 2911 885 2974 Haec
899 2916 987 2976 verba
997 2928 1063 2976 sunt
1074 2915 1190 2978 initium
1203 2937 1321 3002 versus,

200 3003 235 3054 ut
247 2993 346 3054 videre
358 2995 442 3052 estin
457 2995 547 3073 hujus
557 2994 621 3052 libri
637 3016 661 3053 c.
682 3000 731 3052 47.
1130 3001 1146 3046 1
1315 2999 1318 3004 ’

271 3071 540 3140 Quidpetoupraetirll,
557 3072 741 3138 catenaquar?
757 3091 911 3139 quotum
1321 3103 1323 3114 ν

198 3140 326 3201 Interim
340 3151 441 3200 noster
454 3140 594 3202 Davisius
605 3140 768 3200 observavit
781 3161 821 3200 ex
835 3145 941 3202 eodem
961 3161 1022 3221 cap
1037 3149 1086 3204 47.
1104 3146 1181 3204 hunc
1195 3162 1322 3208 uersum

200 3231 333 3280 eonsure
347 3239 388 3278 ex
402 3221 530 3282 Creticis
543 3220 675 3297 pedibus,
685 3235 717 3282 et
725 3226 919 3298 prostraturi
928 3227 1153 3300 legetpraesidi:
1171 3243 1226 3284 uec
1235 3227 1321 3288 aliter

200 3295 269 3354 edit.
289 3297 366 3358 Ven.
382 3313 414 3360 et
430 3301 552 3360 Mediol.
565 3315 596 3360 et
608 3301 772 3371 Manutius,
786 3300 990 3380 scriptumque
1002 3304 1032 3364 id
1044 3318 1140 3364 servat
1151 3306 1219 3364 MS.
1234 3307 1318 3366 Cant.

200 3372 392 3438 Clarissimus
411 3392 509 3440 autem
526 3380 676 3438 Bentleius
694 3380 723 3438 in
743 3379 831 3440 Notis
850 3383 885 3440 ad
904 3381 995 3442 Tusc.
1017 3383 1100 3461 Disp.
1117 3383 1158 3444 iii.
1184 3391 1227 3442 19.
1248 3385 1318 3445 dicit

198 3455 267 3544 ¹!ae⁰
282 3475 348 3517 esse
363 3461 580 3518 Andromacha
596 3459 683 3518 verba
695 3463 772 3534 apud
786 3459 927 3531 Ennium,
946 3479 1125 3542 versumque
1139 3463 1182 3524 sic
1196 3466 1233 3524 ad
1245 3465 1317 3527 Cre·

199 3544 292 3594 scum
303 3550 507 3596 tetrametrum
523 3536 646 3607 reducit,
794 3601 798 3609 ⁸
1167 3579 1169 3582 -

270 3613 440 3681 Qrtidperoml
455 3614 567 3682 presidi,
582 3626 626 3666 out
637 3614 643 3682 Ι
657 3633 766 3682 exequor
776 3617 810 3685 ΡΙ
825 3637 900 3684 quoae
915 3621 1005 3673 nuuc?

238 3682 257 3731 9
278 3686 363 3736 aliter
378 3702 438 3739 esse
452 3685 483 3761 ,·]
500 3683 548 3741 Sc.
569 3694 685 3742 ornatus
698 3701 729 3744 et
739 3684 835 3766 suavis
846 3703 962 3746 orator:
984 3687 1048 3748 vide
1064 3693 1135 3752 Not.
1156 3693 1192 3751 ad
1211 3711 1240 3770 p.
1260 3699 1306 3750 94.

154 3767 157 3774 ·
243 3761 259 3846 1.
272 3763 419 3846 culturare
428 3761 550 3842 possit]
562 3765 739 3840 Interpretes
753 3765 824 3825 nihil
839 3764 889 3825 hle
902 3767 1028 3828 afferunt
1038 3773 1073 3830 ad
1087 3785 1220 3832 mentem
1231 3773 1316 3832 Cice·

198 3851 278 3894 roms
291 3837 513 3900 illustrandam:
535 3845 588 3903 sed
607 3842 722 3902 videtur
738 3847 793 3903 hoc
813 3847 925 3905 Noster
940 3849 1017 3906 velle
1032 3870 1041 3918 ς
1062 3865 1224 3928 praecepta,
1249 3869 1314 3931 quae

199 3915 236 4007 de
250 3927 351 3974 ornatu
364 3919 498 3979 rhetores
507 3927 584 3994 dant,
603 3924 643 3983 ita
655 3938 724 3984 suut
738 3925 841 3995 facilia,
860 3939 891 3985 et
901 3944 936 3984 ea
944 3928 991 3984 vel
1005 3929 1137 4004 pessioni
1148 3946 1276 3991 oratores
1287 3943 1314 3990 et

198 3995 364 4072 intelligere
379 4011 408 4056 et
424 4001 506 4076 sequi
527 4003 646 4078 possint,
666 4006 720 4063 sed
733 4001 841 4063 frustra
855 4003 956 4081 sequit
977 4023 1046 4066 nam
1066 4009 1092 4068 s'i
1112 4011 1238 4070 suavitas
1258 4012 1313 4080 illa,

199 4092 287 4150 quam
296 4077 331 4134 ad
341 4079 498 4138 ornandam
509 4081 669 4142 orationem
680 4101 764 4145 suain
779 4083 920 4153 adhibeat,
932 4083 1025 4146 nimia
1036 4088 1084 4161 sit,
1094 4108 1124 4150 et
1131 4094 1222 4148 dulcia
1232 4105 1314 4163 atque

198 4155 322 4222 decocta,
342 4173 399 4215 non
417 4170 534 4217 austera
545 4176 572 4217 et
588 4167 688 4231 aalide,
699 4181 755 4223 non
764 4177 887 4240 possunt
900 4181 967 4223 esse
976 4184 1081 4230 suaves
1094 4183 1232 4242 oratores,
1250 4167 1314 4248 qula

197 4239 441 4306 praetermodum
456 4257 562 4299 suaves
573 4253 649 4300 sunt.

239 4317 411 4398 {adstarem
426 4322 563 4378 orationis
566 4321 749 4404 scurnum]
764 4327 833 4386 Non
844 4343 920 4404 opus
939 4339 996 4398 est,
1015 4341 1048 4389 ut
1057 4345 1128 4388 cum
1142 4329 1236 4390 doctis
1248 4347 1313 4389 non·

199 4389 289 4445 nullis
299 4392 477 4455 hortantibus
485 4400 623 4476 legamus
632 4407 757 4460 orariam·
765 4430 778 4472 ,·
804 4404 846 4464 sic
857 4407 938 4467 eninr
955 4408 1068 4470 Noster
1086 4410 1205 4482 ,locutus
1223 4423 1269 4470 est
1286 4409 1313 4466 in

198 4465 381 4624 «nmium.
395 4479 673 4554 multaquefacr'mue
684 4499 773 4556 usque
786 4502 830 4561 eo,
842 4491 910 4548 dum
919 4497 1054 4560 aspectus
1063 4489 1314 4564 aliaestdtmsacist
