2830 5014
500 380 778 461 '''nresn‘1r.as.
1151 402 1209 466 'm

74 569 167 650 'quae
184 549 325 622 fortuna
337 544 400 618 det
416 553 482 618 aut
511 548 726 638 extrinsecus
743 557 804 622 aut
820 549 963 647 corpori,
981 546 1056 623 non
1066 542 1203 627 liabent

70 653 116 723 in
134 673 172 722 se
188 673 301 721 veram
322 643 473 724 laudem,
496 669 578 742 quae
596 647 709 720 deberi
732 648 852 720 virtuti
870 649 930 722 uni
948 660 1110 747 putatum
1135 654 1199 725 sed

72 759 209 828 tamen,
233 743 329 842 qubd
357 744 429 840 ipsa
451 743 564 816 ‘virtus
582 745 619 816 in
634 756 754 817 earum
770 768 887 818 rerum
904 769 972 820 usu
990 764 1030 822 ac
1046 750 1198 822 modera-

72 847 179 918 tione
196 843 340 918 maxime
368 842 536 924 cernitur,
558 843 737 914 tractanda
762 845 867 916 etiam
884 845 920 916 in
946 845 1197 920 laudationibus

73 945 158 1017 heo
181 953 260 1016 sunt
278 951 413 1014 naturae
438 950 474 1012 et
490 941 645 1016 fortunae
662 943 772 1013 bona:
797 942 835 1014 in
852 944 977 1038 quibus
993 955 1047 1016 est
1064 969 1197 1019 summa

73 1044 161 1124 lans,
179 1067 253 1114 non
265 1040 431 1112 extulisse
448 1063 485 1111 se
497 1039 541 1111 in*
554 1049 735 1136 potestate,
753 1065 829 1112 non
851 1042 960 1113 luisse
985 1043 1196 1117 insolentem

73 1140 115 1212 in
131 1141 291 1236 pecunia,
320 1161 393 1208 non
417 1162 456 1208 se
475 1134 669 1234 praetulisse
695 1138 767 1210 aliis
793 1143 936 1234 propter
950 1141 1197 1216 abundantiam

72 1241 232 1311 furtatum
246 1262 254 1308 :
280 1246 323 1308 ut
338 1259 419 1332 opes
436 1244 472 1308 et
487 1235 600 1331 copiae
621 1259 693 1306 non
711 1237 883 1332 superbiae
904 1237 1085 1312 videantur
1102 1265 1142 1312 ac
1158 1241 1196 1312 li·

73 1337 198 1415 bidini,
226 1335 287 1406 sed
304 1333 442 1405 bonitati
460 1359 499 1406 ac
515 1333 740 1407 moderationi
757 1333 953 1408 facultatem
969 1351 1004 1408 et
1021 1338 1197 1410 materiam

74 1433 222 1506 dedisse.
274 1433 404 1506 Virtus
419 1445 547 1514 autem,
563 1421 645 1528 quae
663 1439 716 1503 est
730 1455 790 1527 per
807 1433 928 1529 seipsa
951 1427 1196 1515 laudabiliset

68 1533 237 1628 sineque
252 1531 339 1603 nihil
364 1531 495 1602 laudari
512 1539 638 1627 potest,
667 1539 783 1601 tamen
800 1529 902 1602 habet
930 1531 1041 1630 plures
1070 1544 1195 1630 partes,

11 1643 13 1646 ’
74 1631 251 1728 3quarum
269 1629 404 1702 aliaest
426 1627 493 1701 alia
510 1628 552 1699 ad
578 1626 810 1699 laudationem
826 1629 957 1726 aptior:
994 1644 1079 1728 sunt
1100 1633 1197 1706 enim

11 1763 12 1770 ¹
72 1730 151 1802 aliae
164 1730 322 1808 virtutes,
339 1751 422 1824 quae
440 1727 602 1799 ridentur
624 1725 664 1796 in
680 1726 833 1799 moribus
856 1727 1046 1812 hominum,
1064 1741 1100 1802 ct
1113 1755 1195 1828 qua·

73 1829 157 1900 dam
168 1826 333 1900 comitate
343 1851 383 1896 ac
394 1824 632 1896 beneficientia
645 1824 789 1920 positae:
817 1825 905 1906 aliae,
917 1850 1000 1923 quae
1015 1829 1051 1898 in
1064 1828 1197 1926 ingenii

70 1925 193 2019 aliqua
217 1923 388 2002 facultate,
406 1931 465 1994 aut
476 1922 587 1994 ⁴animi
606 1923 847 2020 magnitudine
867 1947 910 1996 ac
926 1927 1053 1997 robore.
1104 1927 1139 1998 N
1142 1951 1197 1999 am

70 2021 274 2102 clementia,
286 2019 428 2132 justitia,
446 2020 654 2116 benignitas,
676 2020 776 2103 fides,
803 2021 970 2096 fortitudo
986 2023 1022 2095 in
1036 2024 1196 2122 periculis

71 2120 330 2199 communibus,
338 2120 491 2216 jucunda
507 2131 565 2192 est
575 2121 697 2192 auditu
709 2119 745 2189 iu
762 2119 1030 2210 laudationibus3
1058 2126 1197 2214 (omnes

73 2219 176 2291 euim
191 2220 248 2289 hac
264 2218 409 2290 virtutes
429 2237 500 2288 non
518 2228 589 2290 tam
613 2217 705 2315 ipsis,
726 2217 814 2312 aqui
841 2243 898 2288 eas
923 2219 1061 2301 habent,
1091 2221 1198 2316 quam

76 2319 197 2414 generi
214 2309 603 2389 hominum‘iructuosae
623 2311 827 2411 putantum:
849 2315 1020 2412 sapientia
1047 2327 1082 2389 et
1105 2333 1197 2415 mag·'
1281 2381 1287 2395 .

35 2443 48 2454 ·
75 2415 202 2490 nitudo
216 2413 335 2493 animi,
364 2437 432 2510 qua
449 2416 662 2492 omnes÷⁵res
679 2415 843 2488 humanm
860 2423 987 2488 tenues
1004 2425 1039 2488 et
1056 2434 1119 2515 pro
1134 2423 1197 2496 'ni-

114 2587 262 2664 s-Vurgo,
289 2600 424 2660 quantum
438 2593 498 2646 olio
519 2602 562 2646 eat
577 2594 838 2658 conlaudationem,
853 2589 926 2672 etc]
941 2591 1104 2654 *Maeotim
1124 2589 1198 2670 legit

74 2689 201 2740 quarum
214 2671 329 2724 aliaest
345 2666 399 2724 alia
417 2675 455 2724 ad
475 2673 664 2730 laudationem
685 2675 809 2746 asariam
830 2689 918 2745 quarn
938 2673 1095 2738 lectionem
1111 2675 1198 2730 vehe-

75 2761 196 2806 menter
210 2749 321 2825 prob05
342 2749 415 2803 solet
429 2747 510 2804 enim
531 2747 635 2808 Cicero
650 2751 769 2826 gemina
782 2768 854 2806 voce
867 2749 898 2805 in
910 2753 964 2804 hoc
979 2767 1066 2806 sensu
1076 2747 1137 2805 uti:
1154 2749 1198 2804 sic

71 2825 119 2890 iii.
133 2824 244 2884 'larabi
254 2827 290 2884 de
306 2822 463 2884 viatoribus·
477 2827 523 2904 (ut
538 2826 598 2906 hic)
614 2828 758 2906 loquitur:
783 2832 841 2884 Sed
855 2829 949 2882 tomen
960 2839 1004 2884 eet
1017 2831 1128 2896 alterins
1143 2823 1198 2883 alia

74 2910 172 2979 magu
191 2903 250 2964 alii
263 2910 400 2978 sormooa
419 2909 610 2965 ett'lloetr'ier·
626 2911 665 2968 Et
674 2909 702 2966 iu
715 2915 857 2974 Oratam
879 2911 962 2964 Alista
975 2912 1029 2963 alio
1040 2909 1141 2963 melior
1152 2918 1197 2962 at·

73 3005 132 3058 ‚que
145 2989 304 3056 aptiorem.
347 2985 422 3044 Puta
428 2985 515 3044 istem
531 3007 634 3047 vocem
645 2989 709 3050 *atta
720 2993 755 3048 ab
767 2985 892 3048 indoctis
901 2985 1035 3060 librariis,
1043 2998 1196 3062 tamquam

74 3063 299 3132 redundantem,
314 3065 462 3124 curiosum
475 3065 575 3126 luisse.
729 3116 731 3122 .
790 3089 791 3092 ¹
830 3115 840 3130 ,

119 3154 138 3200 4
152 3144 266 3220 Vulgo,
281 3147 328 3216 qni
339 3164 385 3200 eas
397 3143 426 3201 iu
450 3163 481 3202 se
496 3147 628 3228 habena]
639 3149 717 3208 *Non
730 3161 843 3209 temere
865 3147 983 3224 agetis,
997 3143 1048 3222 qui
1061 3145 1147 3204 rerba
1164 3150 1196 3202 in

74 3243 106 3282 se
122 3223 158 3280 de
172 3235 256 3283 textu
269 3223 472 3291 deturbaverit,
484 3245 550 3300 quae
574 3233 632 3285 n'ou
653 3233 780 3304 postulat
794 3246 897 3285 sensus
912 3227 1076 3284 Lambinus
1088 3243 1123 3282 ea
1135 3225 1196 3302 pri·

76 3321 150 3363 mus
163 3303 255 3380 cJeeit
269 3324 278 3370 ς
298 3303 346 3362 cui
356 3305 552 3365 assentiuntur
567 3307 649 3368 msti
660 3309 740 3368 Joan.
757 3309 838 3386 Mag.
851 3305 926 3366 Nov.
939 3305 1052 3366 et'Bod.
1064 3317 1094 3365 et
1107 3305 1197 3364 Caro-

73 3387 130 3443 -lue
142 3385 316 3458 Stephanus.
341 3429 344 3436 .
362 3431 366 3438 .
568 3429 588 3438 ,,
1193 3411 1197 3425 t

120 3461 263 3538 5Vulgb,
293 3485 343 3521 res
364 3469 490 3524 humane
510 3481 662 3542 geruntur,
686 3482 785 3528 tennes
806 3466 850 3550 er]
871 3465 1016 3529 Antonius
1030 3463 1077 3522 hic
1091 3461 1196 3524 dividit

74 3539 200 3603 virtutes
213 3543 243 3600 in
256 3563 315 3613 eas,
325 3563 392 3621 quae
408 3547 534 3624 humano
545 3549 650 3623 generi
658 3550 745 3610 utiles
756 3562 832 3619 sunt,
842 3563 872 3610 et
885 3570 944 3618 eos,
953 3565 1018 3625 quae
1034 3542 1207 3610 admiratio,

75 3626 106 3684 ni
117 3637 198 3692 suut,
215 3626 266 3682 sed
283 3623 378 3700 magis
392 3623 437 3693 iis,
452 3630 505 3703 qui
520 3629 677 3702 possident,
692 3630 780 3688 utiles
795 3651 803 3684 e
833 3630 922 3708 hujus
937 3625 1055 3704 generis
1070 3636 1138 3684 suut
1151 3645 1197 3682 su·

70 3707 197 3775 pientio,
211 3709 377 3776 magnitudo
391 3711 487 3772 aniani,
506 3719 560 3764 etc.
603 3707 716 3766 Primo
730 3709 829 3786 igitur,
852 3709 958 3766 falsum
986 3717 1031 3764 est
1052 3704 1198 3782 maguitu-

76 3783 146 3841 dine
160 3782 250 3840 animi
271 3802 377 3843 omnes
391 3802 440 3842 res
455 3788 596 3844 humanas
620 3784 693 3862 geri.
736 3788 816 3848 Audi
840 3787 939 3860 ipsum
958 3783 1141 3846 Ciceronem
1161 3789 1199 3844 de

76 3861 141 3920 Off.
155 3861 174 3917 i.
190 3863 294 3920 20.ubi
306 3863 376 3922 dicit
390 3884 399 3918 z
420 3869 539 3922 Fortem
557 3871 680 3922 animum
700 3880 728 3922 et
741 3885 877 3938 magnum
894 3870 983 3936 cerni,
1006 3871 1031 3923 ei
1040 3889 1090 3926 rea
1108 3885 1197 3939 gerne

73 3944 278 4017 magnesiam
293 3948 406 4014 quidem
419 3957 446 4000 et
457 3943 583 4002 maximi
593 3948 677 4002 utiles
688 3970 701 4012 ,·
732 3951 783 4004 aad
793 3958 820 4000 et
829 3952 1012 4003 vehementer
1023 3951 1130 4004 arduae
1137 3946 1198 4010 nle-
1235 3991 1237 3995 ,

74 4039 190 4092 noeque
201 4024 336 4078 tooorom.
377 4027 447 4082 Non
462 4023 554 4099 igitur
571 4043 674 4084 omnes
688 4045 736 4084 res
751 4038 854 4102 gestae,
870 4028 922 4084 sed
937 4025 1068 4086 difficiles
1077 4035 1106 4080 et
1119 4017 1197 4092 peri-

76 4105 188 4160 culosae
206 4101 687 4176 magnitudinemanirniindicant.
729 4104 877 4174 Secundo,
900 4125 957 4165 non
971 4103 1076 4177 magis,
1089 4114 1198 4156 verum
1299 4155 1303 4162 .

74 4193 131 4249 eat,
147 4178 386 4256 magnitudinem
401 4183 499 4242 'animi
515 4196 634 4242 tenuem
653 4197 683 4242 et
703 4202 756 4258 pro
771 4183 862 4243 nihilo
880 4185 997 4262 putarit
1017 4175 1196 4238 contrarium

74 4261 156 4320 enirn
169 4259 270 4336 aperti
289 4275 391 4335 postea
404 4261 552 4322 Antonius
566 4264 659 4330 docet,
670 4262 739 4320 cum
754 4264 833 4332 dicit,
835 4267 942 4336 serunt
952 4279 1039 4318 auree
1053 4257 1199 4312 nominum

73 4345 205 4410 anaqam
219 4344 361 4399 mirabilia
375 4358 442 4400 eunt
452 4346 482 4396 in
495 4346 618 4410 virture,
631 4345 751 4402 teodori.
793 4345 915 4403 Interim
934 4341 989 4398 ista
1009 4355 1068 4394 vox
1088 4354 1199 4409 gerun-

74 4433 127 4475 tur
141 4423 222 4478 abest
235 4419 254 4480 o
269 4421 367 4480 mstis
377 4423 459 4480 Joan.
476 4421 557 4478 Harl.
569 4440 612 4496 pr.
627 4423 687 4480 Pal.
699 4425 797 4497 ptimo
807 4436 839 4482 et
856 4420 993 4486 secundo,
1007 4415 1083 4474 Pith.
1099 4418 1198 4478 Mem.
1251 4438 1257 4456 ‘

74 4510 107 4562 et
121 4498 295 4575 quibusdam
312 4502 462 4559 veteribus
481 4500 578 4558 Caroli
601 4502 740 4576 Stephani
753 4503 840 4560 libris.
861 4539 865 4550 .
883 4502 975 4556 Abest
988 4496 1078 4556 etiam
1098 4501 1133 4556 ab
1146 4517 1198 4558 ex·

72 4578 186 4662 cerptie
201 4579 268 4638 MS.
284 4582 364 4644 Not.
378 4595 409 4640 et
420 4579 538 4656 punctis
556 4581 730 4644 subducitur
742 4583 772 4640 in
787 4589 871 4639 sexto
885 4579 945 4636 Pal.
986 4575 1021 4636 Si
1033 4595 1137 4639 rocem
1146 4593 1198 4645 ge,
