2808 5020
488 314 659 410 crunni.
678 321 747 380 sn-
1136 321 1177 379 η
1217 407 1221 414 ι
1253 383 1254 388 Ν

77 471 341 570 qrturimpune
353 465 478 543 ardori
503 493 644 542 omnem
660 469 753 542 hano
769 473 911 638 partem
932 459 1041 562 ⁶juris
1056 464 1179 540 incon-

77 571 250 648 t'r'over'siir
267 569 436 668 ignorare,
469 590 554 664 quae
572 592 648 664 pars
675 568 752 648 sine
798 564 880 637 ubio
897 565 1014 638 multo
1029 564 1179 639 maxima

75 678 142 742 est.
171 669 217 748 ln
233 681 277 742 eo
292 677 408 740 autem
415 665 506 762 jure,
521 667 617 762 quod
632 667 817 763 ambigitur
827 663 920 737 inter
935 662 1176 761 peritissimos,

69 761 93 841 ⁵⁷.-
105 791 182 846 non
193 775 251 840 est
263 765 396 856 difficile
407 765 546 842 oratori,
561 766 635 861 ejus
650 765 768 862 partis,
781 785 1038 858 quamcumque
1054 763 1178 836 defen-

76 865 155 948 det,
167 875 344 940 auctorem
368 861 520 960 aliquem
547 863 705 936 invenire
716 891 728 949 ;
754 862 960 958 aquocrlrn
988 867 1180 938 crematas

70 964 196 1044 ‚hasim
207 964 391 1062 acceperit,
408 962 420 1033 i
444 983 557 1037 secas
575 962 719 1034 oratoris
734 959 871 1034 lacertis
889 959 1089 1057 viribusque
1108 969 1185 1032 tor-2

7 1115 8 1118 ,
79 1063 220 1158 quebit:
244 1061 345 1134 ⁸nisi
361 1063 563 1153 vero-(bona
579 1060 681 1133 venia
697 1061 802 1158 hujus
818 1058 938 1156 optimi
953 1056 1012 1129 viri
1034 1058 1180 1132 dixerim

7 1167 9 1246 ῗ
78 1160 323 1252 &avolana
339 1159 459 1232 libellis
472 1168 532 1230 aut
550 1159 740 1257 praeceptis
755 1158 862 1231 soceri
884 1156 935 1228 tui
954 1178 1108 1229 caussam
1123 1155 1178 1228 Μ’

77 1258 177 1332 Curii
198 1258 398 1332 defendisti.
436 1256 567 1330 Nonne
584 1257 757 1354 arripuisti
784 1255 1016 1354 patrocinium
1031 1255 1180 1352 sequita-

80 1357 188 1437 tia,et
204 1357 444 1431 defensionem
462 1365 754 1430 testamentorum
766 1381 806 1428 ac
818 1353 1006 1426 voluntatis
1029 1361 1182 1427 mortuo·

7 1539 8 1546 ¹
77 1451 183 1529 rum?
205 1481 247 1530 ac
263 1456 345 1530 mea
361 1455 505 1553 quidem
520 1455 700 1528 sententia
727 1454 909 1549 (frequens
921 1453 1019 1526 enim
1035 1463 1071 1526 te
1086 1452 1181 1526 audi·

7 1629 8 1634 ,
79 1555 121 1635 ri,
139 1563 249 1652 atque
264 1556 365 1647 affui)
382 1554 495 1643 multo
505 1553 667 1650 majorem
679 1563 815 1650 partem
830 1551 1085 1624 sententiarum
1106 1549 1181 1624 sele

7 1655 8 1702 ³
80 1661 155 1736 tuo,
167 1665 205 1727 et
216 1655 348 1752 lepore,
357 1663 398 1725 et
413 1653 626 1752 politissimis
635 1651 777 1726 facetiis
790 1649 972 1748 pellexisti,
988 1651 1070 1723 cum
1082 1665 1121 1722 et
1141 1648 1181 1722 il·

7 1747 8 1758 ’
79 1751 142 1824 tud
155 1752 322 1826 ”nimam
347 1773 501 1825 acumen
528 1752 704 1831 illuderes,
730 1757 768 1822 et
779 1747 985 1822 admirarere
1000 1748 1182 1846 ingenium

7 1851 8 1914 ὲ
78 1849 267 1930 Scaeuolae,
292 1850 357 1944 qui
366 1849 611 1945 excogitasset,
634 1849 741 1920 Nasoi
765 1848 858 1946 prius
874 1855 1046 1944 oportere,
1071 1849 1182 1944 quam

81 1945 217 2021 emori:
243 1944 521 2041 cumquemulta
534 1947 717 2044 colligeres
733 1955 769 2018 et
791 1946 997 2043 exlegibus,
1021 1959 1059 2020 et
1073 1967 1182 2018 exse

7 2131 8 2138 χ
79 2045 374 2123 netusconsultis,
402 2053 438 2117 et
451 2069 495 2116 ex
513 2045 581 2117 vita
592 2071 634 2118 ac
651 2069 812 2118 sermone
829 2045 1006 2119 communi
1020 2067 1095 2120 non
1111 2067 1183 2118 mo-

79 2143 129 2222 db
141 2143 263 2223 acute,
279 2141 455 2216 sedetiam
467 2143 614 2216 ridiculi:
632 2169 673 2217 ac
685 2143 823 2227 facete3
847 2143 905 2216 ulai
922 2143 952 2214 si
973 2145 1090 2224 uerba,
1106 2169 1183 2216 non

82 2266 159 2314 rem
188 2248 422 2338 sequeremur,
452 2241 578 2315 confici
595 2243 646 2314 nil
662 2253 787 2340 posset.
839 2243 967 2338 Itaque
995 2241 1185 2314 hilaritatis

80 2340 226 2438 plenum
248 2340 421 2438 judicium
437 2366 478 2415 ec
494 2337 655 2414 laetitaef
679 2341 721 2414 't:
745 2341 873 2437 inquo
900 2338 985 2436 quid
1008 2338 1069 2412 tibi
1093 2338 1186 2438 janis

80 2439 188 2517 civilis
215 2438 422 2514 caecitatis
448 2439 628 2536 profuerit,
652 2465 727 2513 non
754 2439 914 2538 intelligo
926 2467 937 2526 ;
965 2437 1186 2514 diuenditis

7 2571 8 2586 ¹
81 2537 219 2648 egregia
233 2559 370 2610 summa
381 2538 566 2611 festivitate
584 2547 621 2610 et
637 2548 825 2612 venustate
836 2539 1026 2638 coniuncta
1042 2537 1187 2638 profuit·

7 2685 9 2712 l
80 2635 169 2732 lpsa
180 2636 240 2707 dle
256 2635 393 2709 Mutius
409 2637 547 2734 paterni
554 2637 640 2734 juris
654 2637 833 2718 defensor,
849 2649 886 2712 et
899 2639 1007 2735 quasi
1024 2641 1185 2740 patrima·

81 2734 134 2822 nii
144 2741 386 2832 propugnator
401 2736 466 2817 sui,
478 2735 566 2832 quid
580 2737 618 2810 in
629 2737 689 2810 illa
703 2761 837 2817 caussa,
854 2736 937 2808 ciam
949 2740 1071 2808 contra
1082 2745 1123 2807 te
1136 2733 1185 2806 die

79 2839 189 2912 neret,
204 2831 335 2914 attulit,
347 2834 441 2930 quod
457 2833 502 2906 de
529 2833 605 2932 jure
619 2836 712 2910 vcivili
729 2837 973 2934 depromptum
984 2831 1185 2906 rideretur?

71 2940 195 3028 ,qaam
207 2930 322 3028 legem
336 2930 516 3007 recitarit?
540 2935 626 3032 quid
639 2935 802 3035 patefecit
815 2934 977 3026 dicendo,
990 2931 1085 3030 quod
1100 2930 1182 3004 fuis-

91 3201 95 3208 ,
121 3131 227 3202 offerta
237 3127 270 3186 in
282 3127 506 3210 cmuoverstis]
526 3131 689 3193 Lambinus
702 3133 776 3210 legit
782 3135 862 3208 juris
876 3127 1079 3186 incontraverai
1097 3146 1180 3188 eum·

81 3224 144 3284 que
153 3226 258 3269 omnes
270 3209 375 3272 deinde
388 3209 530 3270 ediuones
543 3227 655 3275 secutae
670 3228 737 3273 sunt
751 3231 759 3267 ε
774 3216 826 3270 scd
837 3213 1006 3282 tibenseam
1020 3209 1181 3268 lectionem

81 3299 204 3354 revoco,
217 3305 286 3362 quae
296 3287 327 3346 in
336 3289 472 3349 omnibus
488 3293 584 3364 MStis
598 3307 629 3353 et
645 3307 702 3352 vet.
715 3293 778 3350 cod.
797 3288 952 3362 invenitur.
995 3289 1105 3349 Sensus
1116 3305 1181 3365 est:

84 3364 208 3424 oratori
220 3369 284 3424 licet
302 3372 413 3438 impune
426 3383 455 3427 et
469 3371 530 3430 sine
545 3377 652 3431 dmnno
664 3375 695 3429 in
709 3374 920 3437 connovarsiia,
939 3371 959 3426 i.
975 3391 999 3428 e.
1016 3372 1127 3428 caussis
1137 3374 1182 3442 ig-

80 3463 187 3502 norare
201 3466 306 3504 omnem
318 3451 503 3518 honestarum
512 3455 601 3527 juria,
615 3472 656 3510 sc.
676 3455 712 3512 de
728 3451 785 3529 qui
799 3455 912 3508 dubiam
936 3469 1061 3508 essenon
1079 3457 1183 3518 possit,

81 3524 454 3603 utinquijudiciasrmtu
547 3553 548 3556 ¹
938 3553 942 3562 ¹
1196 3531 1198 3538 '

120 3613 138 3666 ἵ
153 3625 210 3664 naa
222 3609 388 3680 ostdrffirik
399 3609 531 3691 mutarn]
559 3609 672 3671 'turbat
686 3611 744 3671 loci
757 3629 877 3672 sensum
899 3613 1015 3686 vulgata
1036 3629 1094 3668 vox
1112 3631 1182 3681 case,

84 3683 157 3744 ebro
167 3684 243 3746 nihil
255 3689 302 3746 es't
315 3706 439 3760 caussae,
463 3711 517 3750 cur
535 3691 572 3750 sit
585 3691 670 3749 Medi
689 3693 847 3752 Infinitivia
869 3695 1075 3759 Praecesserat,
1099 3695 1184 3752 Licea

83 3767 297 3838 igiturtmsrurre
313 3771 427 3826 Oraton'
441 3775 596 3844 tgrwrare:
616 3770 666 3828 hic
685 3774 816 3848 sequitur
826 3791 880 3827 non
893 3789 959 3826 esse
974 3771 1094 3842 difficile.
1134 3776 1184 3832 Ad

83 3843 181 3904 fidem
202 3844 294 3922 igitur
314 3847 474 3910 MStorum
498 3853 580 3910 Cant.
604 3853 689 3911 Nori.
705 3853 777 3908 Bod.
794 3857 882 3925 Wag.
904 3851 964 3906 Bal.
987 3851 1065 3910 Nov.
1083 3853 1182 3912 Mead.

83 3923 171 3984 Harl.
183 3931 210 3980 2.
220 3937 252 3986 ct
263 3928 341 4004 Mag.
350 3946 468 3988 necnon
479 3931 617 3990 Lambini
627 3946 657 3992 et
665 3932 938 4006 Manutiilego,aon
949 3944 994 3988 cst
1003 3934 1182 4004 uffa-ilceto.

124 4009 142 4064 8
158 4008 217 4062 arisi
224 4006 298 4076 veri,
312 4007 388 4088 etc]
400 4011 487 4068 Hanc
502 4013 676 4071 sententiam
690 4023 720 4070 ct
730 4025 905 4086 sequentem
917 4009 978 4068 tere
993 4029 1097 4076 ornnes
1111 4007 1181 4066 Edi-

85 4095 165 4142 tores
182 4086 369 4162 copularunt,
390 4109 466 4166 quas
486 4111 544 4166 ego
558 4093 668 4166 puncto
681 4089 857 4167 plenissimo
870 4089 1030 4148 dissociavi.
1071 4090 1183 4145 Sensus

84 4161 174 4240 hujus
188 4168 332 4227 sententia
344 4167 397 4226 hic
407 4172 530 4230 videtur.
556 4215 558 4222 ,
573 4169 884 4248 Torquebit,inquam‚
897 4189 947 4230 cas
957 4165 1079 4226 oratoris
1090 4169 1182 4224 lacer·

85 4241 125 4300 tis
138 4258 167 4302 ct
179 4245 305 4315 viribus
313 4247 372 4304 nisi
386 4261 417 4306 tu
431 4249 587 4310 defendisti
602 4251 684 4310 Curii
699 4267 832 4309 caussam
841 4252 907 4329 jure
918 4246 998 4304 civili
1012 4247 1028 4300 ὲ
1043 4244 1085 4303 tui
1100 4263 1182 4306 soce·

86 4321 117 4378 ri
131 4325 292 4402 praecptis
305 4329 461 4405 depromta
473 4350 481 4397 ;
504 4335 580 4406 quod
594 4347 625 4390 tu
639 4351 695 4389 non
710 4329 817 4400 fecisti,
826 4346 855 4388 et
865 4327 975 4386 idcirco
989 4327 1049 4381 sola
1061 4329 1183 4388 oratoris

85 4401 224 4464 Quinte
239 4409 380 4477 ususesas
398 4408 541 4486 Sequitur
552 4412 630 4480 enim
645 4414 731 4484 paulo
744 4410 826 4480 infra,
854 4415 883 4464 in
897 4423 951 4477 th
961 4408 1032 4475 quid
1044 4410 1095 4464 tibi
1103 4412 1184 4485 juris

86 4484 355 4546 ciuiliaexercitatio
360 4493 515 4562 irripuerit,
529 4509 582 4550 non
594 4494 730 4564 intelligo.
1187 4519 1189 4528 ’
