2830 5014
509 323 639 390 cmm
656 327 783 408 mss
1143 343 1198 422 sn

69 495 158 558 mos,
181 471 239 548 vel
254 471 337 553 clm
360 467 599 570 concitamus:
624 476 742 552 sedin
766 475 843 561 hoc,
869 479 963 578 quod
974 483 1188 580 postrembm

47 573 146 655 dixi,
169 570 390 669 amplificatio
405 580 524 666 potest
539 573 750 669 plurimbm3
775 575 791 626 3
810 601 920 674 eaque
936 605 1007 654 una
1024 583 1097 654 laus
1114 608 1185 658 ora·

58 671 149 744 toris
161 678 216 744 est
232 679 270 744 et
294 669 428 768 propria
453 671 616 746 maxime.
666 670 684 719 ⁴
704 674 820 766 Etiam
834 701 937 773 major
953 692 1007 754 est
1018 679 1076 752 illa
1089 705 1185 755 exer·

59 767 204 852 citatio,
220 792 322 865 quam
335 781 496 842 extremo
507 769 845 846 sermoneinstruxit
859 771 1047 858 Antonius,
1073 777 1183 875 primo

59 866 245 964 rejiciebat,
271 863 439 942 laudandi
455 877 492 938 et
509 865 742 964 vituperandi:
768 871 855 944 nihil
872 883 927 946 est
954 877 1047 950 enim
1062 877 1105 948 ad
1121 901 1180 952 ex·

57 965 289 1062 aggerandsm
311 963 636 1060 &amplificandam
661 967 858 1042 orationem
874 973 1179 1057 accommodatius,

58 1067 165 1159 quern
182 1073 371 1159 utrumque
381 1063 507 1134 horum
522 1063 789 1140 cumulatissime
801 1067 911 1140 lacere
923 1092 1034 1164 posse.
1084 1071 1178 1148 Con·

57 1170 248 1258 sequentur
258 1159 360 1235 etiam
370 1159 416 1232 illi
430 1157 507 1240 loci,
525 1159 598 1256 qui,
615 1185 822 1260 quamquam
840 1165 962 1262 proprii
977 1191 1176 1244 caussarum

56 1269 95 1334 et
111 1257 329 1330 inhaerentes
353 1257 390 1330 in
406 1281 522 1332 earum
548 1257 663 1330 nervis
679 1283 755 1332 esse
772 1259 916 1344 debent,
943 1273 1069 1350 tamen,
1093 1268 1176 1366 quia

55 1356 104 1430 de
132 1356 292 1433 universa
307 1381 345 1430 re
362 1354 498 1430 tractari
525 1355 652 1436 solent,
677 1363 902 1432 communest
928 1363 1099 1436 veteribus
1116 1390 1174 1440 no

52 1453 176 1528 minati
189 1463 290 1531 sunt:
315 1478 466 1552 quorum
484 1453 605 1548 partim
627 1451 935 1530 habent'vitiorum
951 1468 989 1532 et
1017 1475 1173 1556 peccato

51 1575 134 1628 rum
145 1577 257 1628 acrem
272 1551 446 1650 quandam
462 1575 543 1626 cum
558 1551 825 1648 amplificatione
841 1553 1095 1632 incusationem
1109 1570 1173 1636 aut

52 1652 241 1747 querelam,
252 1661 488 1747 contraquam
500 1648 568 1722 dici
579 1648 667 1724 nihil
679 1650 843 1724 soletnec
855 1662 992 1748 potest3
1015 1658 1103 1732 utin
1115 1658 1171 1732 de·

50 1750 297 1844 peculatorem,
309 1748 349 1820 in
359 1747 579 1847 proditorem,
591 1747 629 1822 in
639 1747 857 1846 parricidam3
871 1752 998 1846 quibus
1011 1755 1076 1836 uti,
1088 1781 1171 1832 con·

50 1846 199 1923 firmatis
212 1845 423 1940 criminibus,
448 1855 606 1942 oportet3
629 1845 727 1920 aliter
736 1846 833 1930 enim
846 1847 953 1945 jejuni
966 1861 1050 1927 sunt
1063 1862 1171 1950 utque

48 1942 188 2026 inanes:
205 1943 261 2019 alii
274 1953 390 2018 autem
401 1943 527 2020 hubent
539 1942 816 2044 deprecationem
827 1947 1169 2028 uutmiserationem:

48 2041 108 2115 alii
132 2041 212 2132 verb
238 2041 406 2142 ancipites
428 2041 697 2142 disputationes,
723 2043 911 2146 inquibus
936 2047 979 2122 de
1003 2049 1170 2124 universo

48 2143 225 2240 gencrein
233 2150 419 2240 utramque
431 2153 561 2240 partem
574 2141 693 2216 disseri
704 2143 844 2240 copiose
857 2145 950 2218 licet.
999 2148 1170 2232 Quteex·

47 2239 207 2313 ercitatio
222 2251 322 2314 nunc
337 2240 472 2338 propria
487 2239 632 2314 duarum
653 2240 956 2338 philosopherum,
981 2243 1165 2342 dequibus

47 2346 134 2412 ante
151 2338 234 2420 diri,
259 2349 426 2438 putatur:
450 2337 543 2436 apud
558 2337 721 2435 antiquos
744 2346 818 2412 erat
834 2363 967 2422 eorum,
994 2345 1014 2414 ὲ
1038 2341 1166 2442 quibus

46 2435 160 2512 omnis
169 2435 212 2509 de
224 2437 328 2510 rebus
338 2437 536 2534 forensibus
552 2435 694 2510 dicendi
709 2433 795 2510 ratio
807 2446 845 2514 et
857 2437 955 2536 copia
965 2443 1162 2540 petebatur:

45 2536 94 2609 de
111 2534 351 2619 virtuteenim,
375 2533 419 2606 de
435 2535 560 2618 officio,
576 2535 619 2609 de
632 2557 740 2631 aequo
752 2545 787 2610 et
804 2537 908 2622 bono,
924 2537 969 2614 de
979 2537 1164 2638 dignitate,

44 2633 208 2715 utilitate,
222 2631 366 2714 honore,
389 2629 589 2728 ignominis,
611 2633 768 2730 praemio,
783 2657 902 2729 poena,
926 2637 1162 2733 similibusque

42 2733 93 2805 de
108 2733 211 2804 rebus
228 2729 265 2802 in
280 2743 464 2825 utramque
475 2740 608 2827 partem
622 2729 761 2804 dicendi
776 2731 910 2806 animos
927 2743 966 2803 et
982 2731 1051 2803 vim
1063 2744 1102 2804 et
1112 2759 1163 2806 ar·

43 2839 120 2902 tem
133 2830 255 2904 habere
270 2826 449 2902 debemus.
479 2827 548 2902 Sed
560 2829 736 2925 quoniam,
753 2828 797 2901 de
810 2827 932 2904 nostra
945 2829 1160 2926 possessione

41 2927 189 3025 depulsi,
206 2926 242 3000 in
259 2949 364 3024 parvo
376 2935 413 2999 et
426 2949 468 3000 eo
481 2925 635 3023 litigioso
659 2927 828 3026 praediolo
843 2927 952 3000 relicti
964 2951 1096 3009 sumus,
1121 2939 1160 3002 et

41 3025 188 3100 aliorum
199 3021 334 3124 patroni
346 3032 463 3098 nostra
472 3033 592 3100 tenere
601 3027 763 3124 tuerique
776 3051 848 3100 non
860 3027 1046 3124 potuimus,
1063 3027 1107 3098 ab
1119 3025 1160 3100 iis

43 3123 158 3220 (quod
169 3122 451 3221 indignissimum
466 3125 539 3215 est)
557 3123 618 3220 qui
635 3124 675 3197 in
690 3136 851 3199 nostrum
861 3123 1107 3220 patrimonium
1116 3123 1158 3198 ir·

39 3229 228 3318 ruperunt,
248 3219 342 3317 quod
360 3242 450 3318 opus
458 3231 513 3294 est
530 3222 644 3304 nobis,
668 3232 879 3296 mutuemur.

91 3317 275 3393 XXVIII.
300 3318 436 3391 Dicunt
451 3318 556 3416 igitur
572 3345 670 3394 nuuc
685 3319 827 3416 quidem
839 3318 888 3393 illi
906 3319 983 3418 (qui
999 3344 1045 3394 ex
1056 3321 1158 3420 parti-

39 3417 121 3494 cula
144 3441 245 3517 parva
261 3415 378 3490 ⁵urbis
400 3441 441 3490 nc
464 3417 529 3494 loci
554 3442 687 3494 nomen
710 3417 849 3503 habent,
874 3427 912 3494 et
935 3417 1158 3518 Peripatetici

81 3569 195 3637 deaque
210 3581 268 3623 rma
283 3569 344 3623 ἱαιιε
357 3568 481 3624 oratoris
493 3577 538 3623 eat
550 3575 582 3624 ct
590 3566 713 3634 propria
734 3559 885 3640 maximi]
909 3563 983 3622 Haec
1005 3561 1041 3622 dc
1065 3567 1157 3626 conci·

38 3647 244 3702 eanursanrmn
256 3643 411 3704 dicuntur:
431 3641 535 3720 opinor
547 3639 617 3702 verb
639 3643 784 3702 Nostrum
810 3642 960 3718 scripsisse
988 3661 1075 3716 euque
1098 3663 1157 3703 unc

21 3729 103 3796 ,saue
116 3728 239 3782 oratoris
248 3736 291 3780 eet
302 3728 424 3796 propria
435 3729 571 3792 maxime,
585 3723 684 3781 deleto
698 3735 748 3780 et:
768 3739 835 3778 nam
844 3721 875 3779 in
889 3721 981 3779 Bruto
995 3739 1020 3780 c.
1033 3732 1059 3784 ⁵.
1073 3721 1157 3798 dicit,

40 3805 128 3877 Quod
141 3801 195 3880 (sc.
208 3799 324 3880 judices
336 3803 540 3881 commovere)
553 3821 641 3860 unum
661 3817 704 3860 eet
719 3803 842 3858 oratorie
860 3795 984 3860 maxim?
990 3809 1157 3876 proprium,

37 3885 109 3944 MS.
126 3884 210 3940 Cant.
223 3881 343 3942 exhibet
355 3888 477 3942 orarem
492 3897 522 3942 et
530 3885 656 3952 propr-ia
671 3875 814 3940 maxtmlr
833 3877 885 3938 ubi
904 3877 975 3942 cbm
998 3881 1083 3944 deest
1096 3900 1154 3942 vox

36 3977 93 4034 esc,
107 3958 187 4021 istud
200 3973 229 4017 er
243 3959 308 4040 ejus
321 3963 421 4034 locum
434 3980 595 4037 occupasse
610 3959 733 4021 videtur.
776 3973 779 3978 ·

79 4043 219 4102 4Ειίαηι
245 4041 336 4113 major
361 4055 414 4114 eet,
442 4039 516 4123 etc]
553 4043 623 4102 Non
650 4040 720 4100 satis
746 4037 937 4115 significatur,
963 4061 1022 4120 qua
1046 4058 1079 4098 rc
1103 4034 1154 4094 illa

34 4119 211 4180 exercitatio
238 4119 333 4193 major
358 4141 424 4182 esse
458 4121 578 4182 dicatur.
634 4122 768 4180 Fortasse
794 4120 851 4179 hoc
877 4121 971 4181 voluit
1002 4123 1151 4176 Crassus:

34 4203 130 4275 major
149 4211 205 4268 est,
224 4197 316 4277 quim
329 4200 459 4262 Antonio
471 4200 501 4260 in
524 4197 622 4276 primo
646 4217 783 4258 sermone
799 4219 853 4260 suo
864 4200 927 4260 visa
938 4210 1003 4266 est;
1036 4195 1080 4254 vel
1095 4211 1154 4254 una

34 4295 82 4340 est
102 4298 142 4338 ex
153 4278 192 4338 iis
215 4281 316 4353 rebus,
336 4299 404 4360 quae
419 4281 451 4342 in
471 4279 600 4344 oratione
622 4278 751 4358 majores
775 4291 853 4352 sunt,
880 4283 906 4338 tr
927 4275 1054 4354 majores
1068 4271 1155 4334 solito

76 4357 188 4420 nderis.

35 4379 92 4498 pos
109 4440 238 4514 urbis-sc
251 4445 306 4500 toci
318 4435 563 4520 nomentubenc‚]
583 4437 675 4498 Aoed.
690 4438 711 4498 i.
728 4449 754 4498 5.
765 4439 814 4498 Illi
824 4439 874 4510 qui
883 4437 1014 4492 Platonis
1023 4437 1156 4516 instituto

32 4524 63 4576 in
73 4517 241 4590 Academia,
266 4523 344 4594 quod
356 4516 400 4581 est
422 4525 546 4580 atterum
562 4523 753 4657 S'nynmm‘umr
775 4529 859 4576 cretur
874 4524 959 4572 erant
974 4525 1001 4571 ct
1015 4533 1158 4574 sermones

580 4619 581 4622 ¹
604 4615 617 4656 r
