2882 5012
221 355 281 414 m
650 351 709 412 DE
727 349 935 412 ottATottn

219 499 366 576 constat.
413 499 512 598 Ergo
523 502 662 576 utemur
678 503 789 576 verbis
801 509 862 574 aut
879 501 934 582 iis,
949 523 1031 597 quae
1049 500 1181 600 proprie
1197 507 1281 574 sunt
1294 509 1334 574 et

220 619 312 674 certa
327 597 424 696 quasi
441 600 603 674 vocabula
620 626 746 680 rerum,
773 625 876 698 paene
891 604 962 672 uni
981 610 1059 673 nata
1075 625 1155 672 eum
1170 602 1274 674 rebus
1288 601 1336 696 ip

219 721 284 782 ats3
307 707 368 772 aut
381 696 433 780 iis,
451 722 535 794 quae
551 709 807 774 transieruntur
824 707 861 770 et
878 698 972 792 quasi
992 699 1107 770 alieno
1123 697 1160 770 in
1175 697 1252 770 loco
1269 699 1339 770 ool·

217 795 401 882 locantut3
424 809 486 870 aut
505 797 559 878 iis,
583 821 666 894 quae
679 819 846 868 novamus
862 805 898 866 et
915 796 1058 867 facimus
1074 795 1149 892 ipsi.
1199 795 1244 870 Iu
1262 817 1341 893 pro

216 893 299 990 priis
315 903 367 967 est
378 893 483 990 igitur
496 897 603 969 verbis
616 895 673 968 illa
684 894 758 967 laus
772 893 930 973 oratoris,
955 901 996 964 ut
1011 893 1141 989 abjecta
1157 903 1263 989 atque
1280 897 1340 966 ob

220 993 326 1064 soleta
341 993 472 1089 fugiat3
498 992 912 1090 leatisatqueillustribus
926 1000 1052 1073 utatur,
1077 992 1114 1064 in
1130 989 1252 1088 quibus
1268 994 1344 1088 ple·

215 1113 302 1160 num
319 1089 486 1186 quiddam
502 1099 541 1162 et
556 1115 687 1164 sonans
703 1090 816 1164 inesse
835 1091 1002 1164 videatur.
1053 1089 1122 1162 Sed
1134 1091 1171 1163 in
1188 1089 1255 1162 lt'oc
1267 1115 1343 1162 ver-

214 1187 335 1260 borum
351 1211 480 1282 genere
495 1189 712 1284 propriorum
728 1187 888 1262 delectus
906 1197 958 1260 est
981 1188 1121 1284 quidam
1143 1189 1342 1269 habendus,

215 1292 322 1380 atque
333 1283 362 1356 is
373 1284 508 1356 aurium
518 1287 666 1382 quodam
675 1286 812 1381 judicio
825 1286 1073 1381 ponderandus
1085 1314 1096 1371 3
1120 1285 1159 1358 in
1173 1311 1245 1395 quo
1257 1310 1345 1360 aon-

215 1382 365 1456 suetudo
376 1382 482 1456 etiam
496 1383 583 1454 bene
597 1383 762 1478 loquendi
776 1385 866 1456 valet
879 1383 1077 1478 plurimum.
1129 1381 1345 1466 Euanthen,

216 1479 428 1578 quodvulgit
453 1479 498 1552 de
522 1481 711 1554 oratoribus
726 1483 768 1552 ab
791 1479 953 1577 imperitis
971 1477 1038 1551 diei
1064 1479 1166 1560 solet,
1200 1481 1346 1554 dotatis

217 1579 337 1661 υενόἰε,
352 1591 412 1650 aut
428 1579 555 1672 uliquis
570 1581 732 1652 nandonis
745 1581 862 1658 retitur,
888 1602 963 1650 non
973 1586 1047 1648 arte
1060 1575 1174 1672 aliqua
1185 1602 1344 1675 propen-

216 1674 321 1756 ditur,
346 1676 410 1750 sed
426 1676 578 1771 quodam
594 1677 695 1774 quasi
713 1676 858 1750 naturali
873 1699 980 1748 sensu
991 1673 1187 1770 judiciam
1206 1676 1243 1748 in
1259 1699 1344 1770 quo

216 1775 514 1872 nonmagnelaus
540 1788 595 1850 est
618 1774 723 1850 vitare
736 1775 856 1848 tullum
882 1776 1105 1868 (quamquam
1116 1773 1152 1844 id
1176 1782 1232 1842 est
1244 1795 1348 1868 mags

216 1875 332 1964 num),
357 1874 478 1946 veritur
494 1872 561 1946 hoo
577 1873 674 1970 quasi
691 1873 803 1946 solum
820 1871 996 1968 quoddam
1010 1879 1116 1965 atque
1129 1867 1347 1942 fundamen-

217 1979 296 2041 tum
312 1981 377 2051 est,
403 1970 842 2066 verborumususeteopia
858 1972 1038 2043 bonorum.
1087 1966 1170 2043 Sed,
1193 1966 1278 2062 quid
1290 1966 1345 2064 ip

216 2091 254 2138 se
268 2067 423 2138 aedificet
438 2075 563 2147 orator,
588 2078 625 2140 et
637 2069 674 2140 in
687 2091 758 2162 quo
769 2068 934 2162 adjungat
945 2077 1055 2149 artem
1068 2064 1103 2135 id
1116 2089 1192 2138 esse
1206 2065 1342 2143 anobis

215 2164 449 2262 quaereudum
462 2175 568 2262 atque
586 2165 831 2264 explicandum
848 2163 1002 2236 videtur·-

135 2248 155 2296 l‘
263 2261 479 2336 XXXVIII.
506 2263 591 2336 Tria
606 2273 689 2336 sunt
706 2263 811 2359 igitur
824 2261 861 2334 in
878 2263 982 2334 verbo
993 2261 1151 2358 simplici,
1169 2286 1249 2357 quae
1260 2286 1333 2336 ora-

215 2369 271 2433 tor
290 2363 409 2434 afferat
430 2361 474 2433 ad
496 2360 732 2434 illustrandam
750 2371 857 2456 atque
878 2359 1116 2434 exornandam
1129 2360 1339 2448 orationem3

213 2467 275 2525 aut
290 2456 498 2526 inusitatum
510 2458 661 2535 verbum,
673 2467 734 2525 aut
745 2465 923 2532 novatum,
938 2466 1000 2526 aut
1011 2457 1232 2532 translatum.
1278 2461 1339 2535 In-

213 2550 341 2622 usitata
356 2557 442 2620 sunt
468 2547 579 2644 prisea
599 2550 725 2622 fereae
739 2559 888 2630 vetusta,
902 2551 918 2600 ³
935 2559 974 2622 et
991 2553 1035 2623 ab
1056 2577 1126 2626 usu
1142 2557 1336 2650 quotidiani

210 2645 383 2720 seimonis
395 2645 528 2742 jamdiu
544 2646 751 2730 intermisse,
784 2669 866 2744 qute
884 2655 967 2722 stant
1009 2648 1169 2734 o'e‘tarum
1198 2654 1337 2738 “lieen-

211 2746 275 2820 tite
284 2745 454 2826 liberiore,
465 2749 574 2842 quim
587 2754 719 2824 nostrae
731 2772 741 2830 ;
758 2745 820 2818 sed
832 2754 952 2820 tamen
985 2746 1062 2822 rari)
1075 2749 1337 2828 habeteti'amin

211 2845 368 2922 oratione
385 2842 402 2891 ⁶
417 2841 598 2940 po'e'ticurn
619 2844 757 2942 aliquod
785 2845 926 2919 verbum
952 2844 1173 2940 dignitatern:
1211 2874 1335 2948 neque

223 3001 225 3011 ,
253 2951 450 3032 Setabusu]
468 2953 566 3023 Forte,
582 2968 610 3011 et
625 2975 687 3012 aaa,

224 3083 227 3088 .
251 3040 402 3094 alitentiae
416 3035 562 3103 liberiora,
578 3033 661 3106 qutim
675 3048 784 3094 nostrae
798 3036 826 3112 ;]
850 3036 954 3112 Vulgo
970 3045 1092 3092 nostra:
1107 3036 1158 3094 sed
1167 3048 1273 3094 naetrae
1287 3057 1341 3099 re·

211 3116 306 3176 tinent
316 3115 399 3175 MSti
412 3111 512 3170 Mead.
526 3125 557 3172 et
566 3113 649 3172 Harl.
666 3115 735 3182 duo,
752 3130 784 3174 ut
797 3131 825 3171 et
840 3114 1137 3183 editionesAscensii,
1147 3115 1250 3190 Steph.
1267 3119 1337 3178 Ma-

213 3211 274 3258 nut.
288 3197 383 3254 Streb.
396 3189 553 3261 Lambini,
576 3193 761 3271 aliorumque
783 3198 954 3254 multorum.
995 3197 1084 3270 Saepe
1097 3195 1216 3264 Cicero,
1227 3196 1337 3275 aliique

214 3276 376 3348 scriptores
399 3271 584 3350 subjungunt
597 3273 739 3332 Dativum
754 3293 857 3332 casum
873 3271 1095 3332 vocililerior'a.
1121 3273 1187 3332 ,ste
1206 3273 1237 3332 iu
1252 3285 1335 3336 (irat.

217 3355 350 3412 cimaea
365 3355 419 3410 dae
435 3351 464 3408 ei
478 3349 613 3411 liberiora
626 3357 757 3423 suerint.
798 3353 938 3425 Quinctil.
954 3369 1054 3414 autem
1069 3353 1220 3415 luculenti
1230 3357 1336 3414 confir·

213 3447 275 3492 mat
289 3437 362 3492 hanc
376 3430 551 3500 tecuam,
570 3432 683 3491 inlust.
706 3432 864 3492 Oratelli.
886 3443 911 3491 ⁵.
956 3433 1209 3514 Omniallibetiora
1230 3435 1332 3512 pettit,

215 3511 300 3586 qucim
314 3513 486 3571 oratoribus

255 3591 364 3672 srael]
381 3593 452 3649 Vox
465 3588 533 3650 rari
546 3608 615 3648 cum
628 3589 744 3668 adjecti
758 3590 803 3666 (ut
818 3589 883 3668 hic)
901 3609 972 3650 voce
987 3597 1082 3663 etium,
1112 3592 1268 3668 significat,
1283 3595 1332 3654 ali·

212 3671 337 3746 quando,
350 3689 579 3747 nonnunquam:
600 3689 660 3746 quo
679 3688 769 3739 seusu
782 3670 891 3730 iterum
913 3673 1026 3732 Noster
1039 3673 1121 3731 idem
1145 3673 1332 3735 Adverbium

212 3759 336 3823 usurpat
346 3766 371 3804 a.
389 3759 436 3806 52.
447 3753 598 3810 translatis
608 3763 724 3808 utamur
727 3753 914 3832 frequenter,
928 3756 1128 3829 ietterdamqat
1139 3753 1242 3828 sarim,
1263 3753 1329 3812 rard

154 3889 155 3898 ,
211 3841 307 3887 autern
319 3823 410 3884 etiam
418 3836 620 3897 pervetustis:
640 3830 709 3891 etin
718 3831 747 3890 ii.
763 3837 988 3906 astiteruntque
999 3829 1157 3902 exfatari,
1167 3830 1233 3892 rari>
1245 3830 1332 3894 edam

213 3929 254 3966 ex
263 3909 409 3974 instantia,
423 3919 480 3964 etc.
1201 3951 1204 3954 -

253 3981 438 4078 ostoiticum]
452 3983 470 4042 i.
480 4005 506 4044 e.
521 3987 552 4046 id
565 3991 687 4050 terbum
709 3991 841 4066 priscum
863 4009 896 4048 ac
910 3984 1072 4058 vetustum,
1085 3989 1165 4067 quod
1177 3997 1331 4068 patratum

211 4067 340 4128 licentiae
350 4065 470 4124 libertus
479 4078 533 4136 est,
548 4071 639 4145 quim
654 4071 805 4146 oratorIae:
827 4068 972 4149 sederim
988 4071 1116 4130 Crassus
1130 4075 1269 4148 quaedam
1280 4091 1331 4132 ex·

212 4150 312 4224 empla
325 4145 445 4223 profert,
461 4165 528 4223 quae
540 4149 556 4203 'a
567 4149 663 4223 potti's
676 4164 743 4210 sunt
755 4145 853 4228 minias
877 4164 1026 4225 usurpata,
1041 4163 1072 4210 ut
1094 4157 1242 4230 opinabar,
1259 4172 1331 4208 nan·

211 4233 324 4296 sanari,
335 4242 390 4284 etc.
403 4224 476 4284 milri
488 4225 608 4302 quidem
619 4229 735 4288 videtur
744 4228 840 4306 potius
852 4230 1031 4310 Ciceronem
1045 4230 1209 4308 scripsisse,
1223 4235 1278 4288 aed
1288 4243 1331 4288 ta·

212 4325 276 4364 ntea
291 4305 451 4378 ratihabet
462 4311 547 4364 etiam
563 4311 593 4364 in
608 4314 733 4366 oratione
745 4321 947 4385 pervetustum
971 4314 1087 4382 aliquod
1100 4313 1220 4368 verdum
1233 4313 1329 4384 digai⁴

159 4432 163 4436 ,
212 4389 317 4446 tarenti
350 4387 572 4464 Tumdenique
580 4387 659 4446 idem
676 4387 725 4445 hit
740 4386 944 4454 dicetCicero,
956 4385 1070 4466 qundin
1081 4409 1106 4447 e.
1123 4397 1168 4446 52.
1184 4390 1329 4449 ntoxdic·

211 4476 295 4518 turus
310 4474 362 4526 est,
374 4477 406 4517 at
421 4472 572 4530 translatis
594 4479 709 4522 utamur
724 4469 907 4537 frequenter,
919 4473 1123 4540 interdumque
1139 4469 1247 4540 factae,
1262 4464 1328 4527 rard

210 4552 303 4597 eutem
318 4537 406 4598 etiam
419 4546 606 4626 pervetustis.
646 4547 743 4628 Adde,
755 4543 835 4628 quiid
847 4549 992 4624 Quinctil.
1004 4546 1064 4610 viti.
1074 4553 1101 4608 3.
1112 4545 1328 4630 dititfflrottriit
