2830 5014
561 272 819 364 murnum,
1173 299 1235 374 sm

99 457 171 508 vos
185 426 516 530 euperesenurem.
566 434 663 508 Tum
681 432 863 531 Sulpitius
894 429 956 510 An
987 453 1078 536 ergo,
1101 438 1227 540 inquit,
1306 451 1310 464 ’

96 532 240 606 oblitus
253 555 300 611 es,
316 529 453 610 Crasse,
467 527 664 608 Antonium
675 533 726 604 ita
741 532 906 630 partitum
929 555 1004 606 esse
1033 547 1159 620 tecum,
1188 552 1228 614 ut

98 630 185 726 ipse
199 628 475 702 instrumentum
487 630 629 722 oratoris
645 639 845 726 exponeret,
855 631 917 706 tibi
942 632 1017 729 ejus
1037 634 1228 711 distinotio-

98 737 313 825 memetque
336 733 496 799 ornatum
513 725 754 824 relinqueret?
778 725 852 802 Hic
880 730 950 812 ille,
968 732 1131 816 Primum,
1146 735 1226 833 quis

99 823 268 899 Antonio
282 822 448 922 permisit,
472 821 600 922 inquit,
622 835 667 898 ut
691 833 727 898 et
743 827 1012 922 partesuceret
1036 840 1086 912 et,
1107 843 1225 907 utram

99 923 225 1004 vellet
240 923 331 1020 prior
344 922 418 1018 ipse
435 921 615 996 sumeret?
650 922 791 1004 deinde,
808 921 837 994 si
858 943 925 1024 ego
946 931 1043 1023 reete
1061 929 1226 1014 intellexi,

93 1020 189 1094 erim
204 1021 304 1093 valde
320 1020 469 1092 libenter
493 1020 650 1096 audirem
675 1019 760 1104 mihi
776 1021 964 1118 cunjuncti
994 1036 1048 1098 est
1063 1027 1162 1108 visus,
1181 1031 1225 1105 de

99 1131 254 1215 utraque
279 1139 317 1190 re
344 1117 467 1190 disere.
517 1115 583 1190 Ille
606 1117 701 1202 vers,
733 1117 849 1214 iuquit
883 1119 999 1203 Cotta,
1025 1137 1226 1200 ornamenta

96 1217 274 1288 orationis
292 1240 366 1288 non
381 1215 502 1311 attigit,
519 1241 635 1312 neque
651 1240 727 1288 eam
741 1215 891 1299 laudem,
907 1243 951 1292 ex
965 1243 1037 1318 qus
1061 1223 1224 1320 eloquen-

8 1379 9 1384 ,
97 1313 153 1386 tis
168 1338 299 1400 nomen
327 1315 441 1410 ipsum
458 1314 599 1388 inuenit.
649 1313 767 1384 Verba
781 1313 903 1410 igitur,
928 1317 1044 1414 inquit
1062 1321 1217 1406 Crassus

8 1475 10 1483 ,
96 1412 188 1484 mihi
202 1411 343 1508 reliquit
360 1411 549 1494 Antonius,
562 1411 720 1508 remipse
736 1412 870 1486 sumsit.
919 1415 1015 1488 Tum
1027 1417 1157 1501 Caesar,
1174 1421 1222 1502 Si,

10 1559 14 1600 :
94 1512 200 1607 quod
215 1509 386 1602 difficilius
400 1521 465 1590 est,
478 1509 514 1581 id
524 1509 585 1582 tibi
600 1510 754 1608 reliquit,
765 1519 822 1580 est
833 1513 944 1596 nobis,
955 1513 1080 1610 inquit,
1090 1541 1220 1603 caussa,

9 1632 14 1641 ·
94 1635 165 1690 <rur
181 1619 216 1680 te
229 1609 349 1682 audire
364 1607 566 1706 cupiemus;
592 1608 661 1690 sin,
677 1607 773 1704 quod
789 1607 934 1692 facilius,
947 1611 1007 1682 tibi
1021 1637 1137 1688 caussa
1147 1642 1222 1694 non

92 1714 166 1789 est,
177 1733 241 1781 cur
252 1731 401 1780 recuses.
452 1707 499 1778 Et
514 1706 678 1788 Catulus,
692 1702 817 1786 Quid?
842 1709 935 1803 quod
946 1710 1073 1794 dixisti,
1093 1715 1221 1812 inquit,

8 1829 12 1895 3
93 1804 242 1884 Crasse,
258 1804 286 1874 si
298 1802 357 1878 hio
372 1803 476 1876 hodie
502 1805 593 1901 apud
611 1815 646 1876 te
669 1829 900 1887 maneremus,
919 1817 955 1879 te
971 1833 1103 1882 morem
1121 1814 1221 1886 nobis

8 1955 11 1972 r
95 1925 181 1974 esse
196 1909 387 1996 gesturum,
404 1900 539 1974 nihilne
561 1902 606 1974 ad
633 1902 738 1978 fidem
767 1912 862 1978 tuam
888 1915 990 2000 putas
1021 1908 1220 2002 pertinere?¹

8 1991 9 1997 ¹
94 2000 199 2073 Tum
217 1998 321 2071 Cotta
337 1997 466 2081 ridens,
476 2001 618 2072 Possem
633 2000 702 2080 tibi,
715 1999 839 2096 inquit,
856 2001 990 2084 Crasse,
1002 2009 1195 2082 concedere
1208 2035 1220 2094 ;
1275 2006 1280 2010 ’

95 2097 163 2169 sed
177 2096 265 2176 vide,
293 2121 339 2170 ne
363 2097 448 2194 quid
465 2097 615 2170 Catulus
641 2099 798 2170 attulerit
819 2101 1013 2196 religionis;
1037 2129 1123 2200 opus
1152 2107 1220 2202 hoe

94 2193 301 2267 censorium
312 2203 392 2280 est3
414 2195 450 2266 id
472 2206 589 2268 autem
606 2195 836 2277 committere,
862 2199 952 2279 vide,
975 2203 1082 2295 qutm
1099 2203 1143 2273 sit
1160 2201 1217 2274 ho·

94 2292 188 2368 mini
204 2300 304 2389 turpe
331 2291 499 2365 censorio.
549 2293 656 2389 Agite
688 2291 770 2366 verb
798 2293 854 2368 ille
882 2296 1007 2394 inquit,
1036 2307 1076 2370 ut
1092 2299 1215 2380 vultis:

92 2389 160 2462 sed
173 2385 268 2462 riune
283 2391 436 2488 quidem,
463 2392 631 2488 quoniam
653 2391 689 2464 id
711 2393 875 2490 temporis
904 2402 968 2475 est,
1001 2397 1220 2494 surgendum·

8 2571 9 2574 Ἴ
93 2512 227 2561 censeo
242 2497 279 2560 et
290 2487 603 2584 requiescendum:
628 2498 707 2588 post
722 2491 915 2575 meridiem,
939 2493 1030 2566 siim
1054 2497 1148 2590 vobis
1161 2506 1215 2570 est

8 2657 9 2674 ξ
91 2586 332 2666 commodum,
349 2587 531 2684 loquemur
543 2588 684 2684 aliquid,
702 2586 767 2662 nisi
790 2589 880 2664 forte
894 2594 931 2664 in
947 2594 1134 2668 crastinum
1151 2595 1215 2668 dif-

8 2681 10 2774 ζ
92 2685 191 2757 ferre
201 2683 366 2756 mavultis.
417 2685 551 2758 Omnes
562 2712 600 2762 se
616 2687 671 2760 vel
684 2686 812 2768 statim,
826 2689 889 2768 vel,
907 2689 935 2761 si
950 2689 1022 2784 ipse
1109 2703 1216 2764 tme-

92 2780 222 2861 ridiem
237 2781 367 2868 mallet,
381 2783 633 2889 quamprimum
652 2793 772 2862 tamen
792 2785 910 2862 audire
932 2785 1019 2858 velle
1035 2713 1211 2864 ‹iiiierunt
