2854 5016
266 371 303 432 ra
655 365 716 428 aa
735 355 940 429 curcua

263 513 399 594 sutus,
414 533 490 589 non
504 511 622 590 urinis
632 513 738 611 longa
753 512 911 588 oratione
920 519 1170 594 recusaretue
1180 511 1334 594 adserta

262 614 337 688 rius
351 608 628 692 caussacaderet,
642 635 743 685 acue
756 611 797 692 is,
810 635 874 707 pro
889 635 963 708 quo
977 611 1050 710 ipse
1071 611 1214 692 diceret,
1240 611 1334 710 turpi
1396 703 1398 712 Ι

263 711 391 787 tuteloe
414 711 555 808 judicio,
570 720 673 806 atque
700 709 794 782 omni
810 709 969 782 molestia
984 707 1133 784 sttdtilia
1152 709 1335 783 adversarii

264 807 488 886 liberaretur?
512 809 589 906 Ego
605 805 687 880 verb
710 806 805 888 istos,
821 805 938 902 iuquit
954 807 1115 898 (memini
1130 809 1226 884 enim
1249 803 1336 882 mihi

264 931 404 982 narrare
417 907 602 999 Matium),
631 929 706 979 non
728 901 841 984 Modb
865 904 1012 978 oratoris
1036 904 1190 986 nomine,
1206 906 1272 978 sed
1289 927 1336 978 rte

265 1005 342 1081 toro
368 1005 510 1103 quidem
535 1005 662 1100 dignos
690 1002 844 1102 putarim.
895 1003 1008 1102 Atqui
1024 1023 1101 1076 nott
1131 1001 1247 1076 defuit
1269 1003 1337 1076 illia

263 1105 431 1201 patronis,
443 1104 560 1200 inquit
576 1103 735 1183 Crassus,
758 1101 970 1198 eloquentia,
987 1125 1103 1198 neque
1118 1099 1256 1176 deeuti
1287 1124 1338 1174 ra·

223 1283 225 1286 ¹
265 1203 319 1274 tio
333 1211 395 1273 aut
406 1201 513 1298 copia,
523 1201 586 1272 sed
596 1200 682 1296 juris
692 1200 801 1273 civilis
811 1201 1015 1298 prudentia:
1039 1197 1338 1298 qubdalterplus,
1394 1207 1398 1216 '

122 1321 127 1328 ’
267 1299 346 1396 lege
361 1298 509 1398 agendo,
524 1298 674 1395 petebat,
689 1301 797 1396 quim
822 1307 999 1395 quantum
1018 1298 1128 1371 lexin
1151 1295 1340 1374 duodecim

266 1395 394 1470 tabulis
410 1396 635 1494 permiserat:
659 1397 753 1492 quod
768 1395 850 1471 ciam
862 1393 1093 1492 impetrasset,
1111 1419 1232 1469 caussa
1240 1395 1340 1470 cade·

235 1511 239 1518 “
266 1503 344 1568 ret:
369 1495 456 1568 alter
472 1493 631 1593 iniquum
647 1496 787 1591 putabat
804 1495 880 1592 plus
890 1495 1011 1568 secum
1035 1494 1101 1594 agi,
1117 1495 1226 1590 quam
1242 1491 1342 1593 quod

265 1603 343 1665 erat
358 1591 395 1666 in
410 1593 550 1666 actione
562 1621 573 1679 3
600 1593 992 1692 nequeintelligebat,si
1017 1592 1064 1666 ita
1087 1600 1182 1665 esset
1207 1601 1341 1674 astum,

266 1691 367 1766 litem
378 1691 607 1766 adversarium
667 1690 850 1766 rditurum.
1262 1707 1292 1744 ³·

315 1787 509 1863 XXXVII.
534 1715 666 1872 Quidi
686 1789 865 1886 bispaucis
877 1790 1011 1871 diebus,
1022 1811 1157 1872 nonne,
1176 1787 1277 1862 nobis
1300 1788 1344 1861 in

154 1909 163 1968 ,·
266 1888 435 1959 tribunali
448 1889 498 1966 Q.
516 1887 681 1981 Pompeii,
692 1888 994 1981 prtemrisurbani,
1011 1886 1185 1962 familiaris
1201 1886 1344 1967 noetus,

266 1983 487 2059 sedentibus,
505 1981 610 2053 homo
620 2005 665 2051 ex
681 2005 830 2054 numero
845 1983 1053 2060 disertorum
1076 1977 1286 2078 postulabat,
1299 1995 1344 2057 ut

267 2078 331 2160 illi,
347 2079 442 2152 uude
456 2086 641 2175 peteretur,
652 2085 753 2150 vetus
761 2087 866 2173 atque
877 2079 1004 2152 usimta
1014 2078 1178 2176 exceptio
1188 2079 1346 2165 daretur,

268 2179 398 2268 ⁷cujzu
402 2178 561 2274 [recurrite
570 2174 644 2248 dies
645 2173 813 2265 ficisset?
834 2176 932 2273 quod
947 2175 1105 2274 petitoris
1120 2201 1239 2250 caussa
1249 2202 1346 2253 oom-

314 2287 426 2350 ratum
436 2299 514 2349 esse
529 2297 604 2348 non
620 2270 837 2371 intelligebat
850 2283 937 2358 tut,
953 2275 982 2346 si
1004 2267 1063 2346 ille
1079 2273 1245 2375 infitiator
1268 2301 1345 2374 pro·

268 2301 382 2448 iisset
393 2374 512 2472 judici,
533 2383 617 2446 ante
642 2371 787 2467 petitam
815 2381 890 2445 esse
906 2372 1099 2470 pecuniam,
1124 2374 1232 2470 quim
1247 2385 1345 2452 esset
1399 2399 1400 2403 ’

269 2481 387 2640 caepta
410 2470 539 2550 deberi,
565 2468 703 2567 petitor,
721 2489 841 2543 rursus
862 2469 944 2565 cbm
968 2479 1116 2570 peteret,
1131 2473 1344 2572 exceptione

269 2567 528 2650 excuderetur,
545 2566 632 2666 quid
655 2589 698 2641 ea
724 2591 782 2641 rer
806 2571 843 2640 in
861 2567 1038 2658 judicium
1063 2580 1164 2645 antea
1185 2574 1342 2655 venisset.

269 2665 372 2750 Quid
382 2691 465 2764 ergo
481 2667 549 2742 hoc
563 2665 637 2740 fieri
660 2662 795 2763 turpius
811 2668 873 2740 aut
894 2667 960 2742 dici
978 2675 1109 2764 potest,
1124 2671 1233 2769 quim
1250 2693 1344 2752 eum,

269 2765 332 2862 qui
349 2765 444 2840 hauc
456 2781 758 2863 personamsusce
803 2764 859 2845 rit,
872 2772 910 2838 ut
933 2767 1122 2842 amicorum
1144 2777 1345 2842 controver-

270 2863 337 2956 sias
354 2886 561 2958 caussasque
576 2871 731 2943 tueatur,
774 2863 995 2948 laborantibus
1028 2873 1219 2945 succurrat,
1235 2867 1345 2964 aegris

270 2959 462 3042 medeattu,
478 2961 623 3035 afflictos
638 2959 779 3042 excitet,
790 2960 886 3035 hunc
898 2959 936 3034 in
947 2959 1100 3034 minimis
1116 2960 1345 3038 tenuissimis·

250 3139 252 3146 ,
269 3085 342 3158 que
357 3059 521 3134 rebus'ita
547 3059 631 3168 tabi,
646 3068 689 3133 ut
701 3059 775 3134 aliis
802 3057 1031 3142 miserandus,
1055 3059 1131 3134 aliis
1145 3058 1344 3138 irridendus

271 3261 292 3316 t‘
301 3253 355 3329 qui
373 3256 450 3318 male
472 3259 593 3334 agendo·
605 3255 655 3336 jus
668 3256 775 3334 agendi
788 3254 987 3332 perdidisset:
1010 3257 1042 3314 Sa·
1054 3259 1118 3334 qaia
1130 3255 1240 3338 (rnquit
1252 3255 1342 3318 Juati·

272 3341 291 3374 “
306 3335 409 3395 nianus
420 3333 469 3393 lib.
483 3335 522 3396 iv.
536 3336 578 3396 tit.
589 3338 625 3394 de
636 3337 753 3398 Action.
764 3353 879 3414 paragr.
896 3337 928 3396 st
940 3343 1012 3414 quir,
1026 3337 1097 3416 etc.)
1110 3358 1195 3413 egeae
1208 3342 1239 3396 in
1251 3341 1343 3396 imen-

270 3420 293 3456 ‘1
308 3418 384 3472 tione
393 3415 449 3478 ‚aad
457 3421 526 3484 silua
536 3417 700 3483 comptem
708 3417 822 3485 suerit,
830 3417 911 3488 quam
924 3424 964 3476 ud
976 3419 1037 3477 curri
1052 3423 1223 3488 pertineret,
1232 3418 1343 3477 'eumad
1402 3449 1404 3508 p

271 3499 292 3532 “
305 3496 430 3560 cadebat,
440 3491 459 3548 i.
474 3511 500 3550 e.
517 3510 581 3550 rem
590 3492 760 3555 anrittebatz
775 3492 804 3552 in
814 3495 953 3570 proximo
962 3495 1034 3560 verb
1045 3496 1231 3570 Peragrapho
1243 3505 1341 3557 osten·
1402 3513 1404 3548 t

272 3578 292 3614 ⁶⁶
307 3573 349 3630 dit
360 3570 623 3648 (seimonaus)
635 3590 742 3630 vocem
757 3574 831 3631 banc
839 3581 910 3644 salua
923 3571 1131 3652 quatrifariam
1140 3572 1266 3650 intelligi
1278 3592 1287 3642 a
1299 3589 1341 3646 re,

213 3667 215 3676 ¹
273 3657 293 3706 l‘
305 3661 449 3724 tempore,
472 3651 546 3717 loco,
566 3662 597 3709 et
608 3654 730 3724 caussis
743 3652 808 3721 lle,
821 3653 846 3710 ai
861 3654 927 3732 quis
947 3671 1001 3730 pro
1027 3660 1061 3709 lo
1076 3651 1186 3712 Aureis
1199 3665 1281 3729 petat
1292 3660 1340 3721 20,

274 3733 293 3798 .“
306 3733 391 3804 quale
416 3727 556 3806 Hypseus
569 3729 627 3788 iste
640 3729 772 3802 ¹feceratr
793 3733 956 3808 Tempore,
978 3731 1005 3794 si
1026 3731 1095 3807 quis
1116 3745 1182 3795 aute
1197 3732 1279 3796 diem
1293 3738 1340 3798 vel

273 3813 293 3846 ‘⁴
307 3808 504 3882 conditionem
516 3821 595 3886 petat
605 3811 725 3888 ;’''quod
738 3811 769 3870 in
780 3810 913 3888 sequenti
921 3809 1016 3888 capite
1026 3823 1182 3888 patronum
1192 3813 1341 3891 quendam

273 3886 380 3948 fecisse
395 3887 466 3947 dicit
480 3892 613 3949 Crassus.
1109 3929 1111 3934 .
1289 3933 1290 3940 κ

259 4003 261 4008 .
314 3972 332 4026 7
354 3969 435 4042 cujus
443 3971 569 4038 pecunia
580 3974 640 4030 dies
648 3974 760 4046 firiaaet
769 3968 803 4050 ἓ]
824 3968 971 4046 Exceptio
982 3968 1062 4048 legis
1080 3969 1147 4042 suit,
1160 3983 1193 4032 ut
1209 3971 1339 4046 pecunia

243 4081 247 4090 ,
272 4063 332 4108 uon
345 4061 497 4122 peteretur
516 4059 581 4108 ante
595 4050 677 4110 diem
691 4063 811 4126 pactum
825 4049 903 4109 inter
915 4049 1103 4122 creditorem,
1122 4063 1152 4111 et
1167 4051 1344 4122 debitorem,

273 4145 330 4186 seu
340 4131 428 4197 illum,
442 4133 516 4185 unde
523 4137 697 4198 peteretur:
719 4128 788 4189 crim
804 4133 877 4188 hanc
890 4128 1099 4208 exceptionem
1112 4141 1250 4206 patronus
1262 4132 1344 4192 debi-

273 4206 346 4264 toris
354 4225 408 4264 suo
417 4206 517 4266 clienti
531 4207 595 4265 dari
608 4211 779 4283 postularet,
794 4229 851 4269 non
865 4206 937 4272 vidit
950 4223 1152 4286 comparatam
1165 4211 1223 4266 hoc
1248 4207 1342 4272 luisse

241 4323 245 4334 ·
273 4285 312 4376 in.
323 4286 481 4346 utilitatem
494 4285 636 4362 petitoris,
645 4303 676 4349 et
689 4289 854 4354 adversario
867 4309 922 4353 suo
931 4289 1120 4372 profuturum
1133 4287 1247 4352 luissez
1262 4289 1341 4350 Vide

210 4414 221 4434 ,
274 4377 366 4437 atram
381 4366 566 4446 superiorem
581 4371 702 4452 Natam.

1390 4703 1399 4947 1
