2808 5020
498 321 624 394 LIBER
643 321 668 384 i.
688 321 738 386 id..
772 323 781 380 t
1148 325 1199 388 ⁷2.

79 484 198 562 turus,
212 479 358 568 matites
375 467 575 574 musisque
602 475 786 572 degustet:
819 469 1105 644 philosophatum
1122 499 1188 550 au*

857 573 1011 646 usculani
1023 574 1186 672 requiem

76 584 158 648 tem
168 575 273 648 libros
283 582 432 646 reservet
444 571 507 644 sibi
516 569 809 668 adbujuscemodi

75 671 320 769 atqueotium,
343 695 402 753 ne,
417 671 591 768 siquando
603 671 633 743 ei
647 670 835 750 dicendum
859 669 924 744 erit
936 671 987 744 de·
994 671 1129 768 justitia
1143 681 1182 746 et

76 771 410 852 fida'mutuetur,b
438 767 611 854 Platone3
636 767 710 866 qui,
739 768 821 840 oum
850 769 928 842 haeo
954 771 1189 868 exprimenda,

77 870 199 941 verbis
211 867 440 950 arbitraretur,
458 891 579 942 novam
598 865 773 964 quandam
784 867 892 939 finxit
902 867 1048 942 inlibris
1070 869 1182 944 civita·

76 976 176 1039 tem:
201 989 309 1062 usque
321 989 366 1039 eo
378 967 445 1046 ilia,
461 977 542 1063 quse
559 965 710 1057 dicenda
726 965 778 1037 de
784 963 920 1060 justitia
935 969 1083 1064 putabat,
1101 971 1189 1042 bvi--

77 1063 131 1136 t'ae
149 1065 419 1138 consuetudine
445 1075 481 1138 et
506 1069 526 1137 a
553 1064 733 1138 ciuitatum
766 1064 917 1136 moribus
943 1066 1187 1146 abhorrebant..

75 1161 194 1245 Qubd
212 1163 242 1232 si
265 1185 312 1234 ea·
330 1163 553 1260 probarentur
574 1163 612 1234 in
635 1161 771 1260 populis
792 1170 896 1256 atque
908 1162 946 1234 in
973 1164 1188 1248 civitatibus,

75 1261 160 1356 quis
172 1260 246 1340 tibi,
257 1261 393 1345 Crasse,
404 1260 644 1342 concessisset,
658 1259 845 1334 clarissimo
862 1260 931 1331 viro
951 1271 989 1332 et
1011 1263 1178 1360 amplissi-

73 1382 139 1430 mo
154 1356 303 1456 principi
315 1359 475 1442 civitatis,
493 1369 533 1432 ut
558 1359 618 1432 illa
635 1356 767 1432 diceres
783 1357 820 1430 in
836 1358 982 1432 maxima
1004 1361 1178 1436 concione

73 1469 219 1532 tuorrmr
236 1458 372 1538 civium,
388 1482 470 1554 quae
488 1455 630 1532 dixisti?
656 1455 795 1550 Eripite
804 1480 861 1527 rus
875 1481 919 1528 es
935 1461 1090 1541 miseriis,
1106 1465 1189 1534 eri·-

65 1557 213 1650 pe'tenos
228 1579 271 1627 es
281 1557 449 1648 soricibus
464 1581 588 1638 eumen,
614 1579 753 1650 quorum
770 1551 958 1627 crudelitas
974 1565 1080 1631 nostro
1103 1582 1187 1630 sure·

67 1656 183 1749 gerim
198 1677 263 1726 mu
279 1665 393 1752 potest
408 1655 565 1750 expleri:
589 1653 695 1726 nolite
705 1654 834 1724 ''sinere
858 1676 920 1725 nou
935 1657 1092 1750 cuiquam
1108 1679 1176 1730 ser·

72 1755 162 1834 sire,
179 1755 247 1824 uisi
260 1755 349 1826 vobis
370 1756 552 1834 uniuersis,
569 1753 690 1846 quidus
708 1759 743 1822 et
753 1763 930 1845 possumus
956 1763 990 1827 et
1004 1753 1173 1829 debemur.

71 1849 219 1922 Omitto
236 1853 404 1930 miserias,-
416 1852 456 1921 in
465 1848 712 1944 quibus-utilit
723 1848 829 1928 aiunt,
845 1849 1000 1924 virfortis
1012 1873 1187 1925 essenon·

71 1949 219 2057 potest:
242 1947 370 2047 omitto
371 1947 514 2036 fauces,
528 1947 714 2058 exquibus
735 1955 771 2018 te
788 1947 872 2044 eripi
899 1947 959 2032 vis,
983 1975 1028 2022 ne
1041 1949 1188 2046 judicio.

1 2119 19 2124 ,,
70 2045 200 2154 imquo
216 2045 441 2117 exsorbeatur
465 2069 605 2142 sanguis
622 2059 728 2129 tuus3
751 2047 846 2142 quod
871 2047 1018 2144 sapienti
1035 2061 1174 2148 ‚negant

1 2165 2 2204 1
70 2142 235 2216 accidere
251 2166 370 2240 posse:
394 2145 537 2226 seruire,
553 2142 638 2217 verb
653 2167 726 2215 non
752 2144 859 2218 modb
875 2154 922 2228 te,
949 2147 1015 2219 sed
1039 2149 1182 2222 univer-t

71 2264 155 2313 sum
167 2253 337 2323 senatum,
349 2239 449 2338 cujus
463 2252 541 2314 tum
557 2263 712 2315 caussam
726 2244 861 2340 agebas,
872 2267 976 2318 ausus
988 2270 1025 2316 es
1035 2245 1172 2319 dicere?

69 2339 246 2427 Potestne
254 2339 374 2419 virtus,
388 2339 526 2422 Crasse,
544 2342 684 2422 seruire,
706 2341 780 2414 istis
793 2341 1006 2422 auctoribus,
1023 2368 1185 2439 quorumz

68 2445 111 2510 tu
126 2439 303 2536 praecepta
320 2439 463 2514 oratoris
474 2440 641 2514 facultate
654 2438 920 2538 complecteris?
943 2465 1027 2540 quae
1038 2451 1073 2516 et
1084 2467 1169 2516 sern-

1 2549 2 2634 ἦ
69 2545 181 2632 peret
197 2535 269 2610 sola
283 2537 389 2610 libera
403 2541 473 2620 est,
481 2561 646 2638 quaeque,
663 2540 767 2613 etiam
782 2539 810 2612 si
823 2565 967 2638 corpora
984 2552 1084 2640 capta
1094 2542 1186 2618 sint'

1 2657 2 2670 ³
69 2633 191 2713 armis,
204 2645 266 2708 aut
283 2636 473 2709 constricta
488 2636 648 2718 vinculis,
665 2639 782 2712 tamen
796 2663 898 2712 suum
911 2639 967 2734 jus
979 2651 1193 2738 atque·om··'

1 2736 2 2770 ³
68 2730 174 2804 nium
186 2756 305 2810 rerum
319 2733 524 2830 impunitam
541 2735 873 2810 libertatemtenere
887 2738 1020 2809 debeat.
1069 2739 1186 2820 Quae=

68 2828 156 2902 verb
169 2830 342 2912 addidisti,
358 2834 396 2906 N
397 2858 444 2904 on
460 2830 571 2906 Modb
588 2845 747 2908 senatum
773 2831 897 2906 servire
918 2848 1018 2930 posse
1031 2835 1181 2932 populo,¹

68 2926 133 3003 sed
147 2930 251 3004 etiam
261 2930 411 3011 desem
435 2931 513 3028 quis
526 2932 592 3006 hoc
608 2931 846 3032 philosophus,
865 2944 934 3007 tarn
957 2931 1081 3016 mollis,
1097 2944 1168 3008 tam

67 3025 267 3124 languidus,
280 3039 557 3112 tameneruatus
580 3041 650 3106 tam
663 3032 785 3106 omnia
797 3033 841 3104 ad
861 3034 1075 3130 voluptatem
1097 3055 1168 3104 cor-

68 3125 163 3220 poris
179 3127 404 3224 doloremque
411 3128 581 3210 referens,
588 3135 732 3228 probare
746 3130 889 3226 posset?
913 3131 1086 3200 Senatum
1099 3152 1166 3200 ser-

68 3223 143 3313 vire
155 3226 300 3322 populo,
311 3227 368 3300 cui
384 3227 532 3325 populus
543 3227 616 3326 ipse
627 3228 827 3301 moderandi
839 3235 876 3297 et
885 3225 1029 3322 regendi
1043 3225 1095 3300 sui
1109 3251 1166 3328 po

69 3329 251 3404 testatem,
264 3326 362 3420 quasi
377 3325 538 3420 quasdam
550 3327 709 3406 habenas,
726 3323 945 3398 tradidisset?

118 3420 221 3495 LIII.
246 3422 377 3518 Itaque
401 3423 489 3506 haec,
507 3425 627 3498 odnie
651 3435 686 3498 te
702 3423 867 3498 divinitus
884 3431 951 3520 ego
976 3423 1166 3496 diota'arbi-

68 3528 186 3599 trarer,
203 3521 251 3591 Ρ.·
261 3521 411 3594 Rutilius
428 3523 550 3604 Rufus,
560 3522 664 3598 homo
677 3525 808 3597 doctus
818 3532 854 3596 et
868 3521 1095 3620 philosophiae
1107 3521 1174 3614 def
1264 3561 1267 3567 s

66 3615 167 3699 ditus,
180 3644 255 3692 nou
271 3617 377 3695 modb
394 3645 516 3717 parum
535 3623 732 3703 commode,
758 3621 940 3694 sedetiam
958 3635 1013 3697 tur
1038 3623 1103 3696 iter
1127 3632 1166 3696 et
1186 3681 1189 3688 ,

66 3713 608 3812 flagitiosediotaessedioebat.=
633 3717 824 3816 8Idemque
836 3719 993 3818 Servium
1041 3720 1165 3804 albam,

107 3846 125 3895 3
141 3843 272 3914 Idemque
286 3845 416 3902 Seruium
433 3847 559 3914 Galbam,
574 3861 652 3917 quem
666 3849 799 3904 hominem
809 3841 897 3912 prob?
908 3851 1120 3904 commeminisse
1132 3865 1175 3920 re,

65 3917 193 4056 aiebat&
200 3921 313 4002 Vulgi),
331 3923 421 3995 prob?
430 3945 511 3980 nosse
523 3940 552 3981 ee
565 3927 785 3998 commeminisse.
795 3925 866 3980 >Pto
877 3927 940 3980 Ser.
950 3925 1092 3984 editiones
1104 3925 1164 3980 ‘As-

67 4017 159 4058 cens-
192 4017 240 4058 en.
250 4005 416 4062 et-Mediol.
435 4017 466 4062 et
482 4003 562 4063 MSti
573 4005 633 4061 Bal.
650 4005 726 4063 Nov.
741 4003 824 4062 Nori.
846 4003 950 4062 babent
963 4007 1101 4068 uer-zeum,
1124 4003 1171 4056 de·

67 4099 123 4156 quo
135 4077 204 4138 vide
219 4081 347 4141 Emend.
375 4087 411 4143 ad
427 4081 458 4142 u.
482 4092 529 4141 65.
550 4083 665 4160 Deinde
687 4101 743 4144 non
754 4084 852 4157 *placet
863 4083 918 4142 ista
932 4089 1025 4142 verba
1041 4097 1120 4136 erosae
1134 4090 1162 4132 et

68 4164 281 4240 conensemz'nieee
289 4161 432 4241 conjungi
445 4184 453 4220 ι
467 4161 521 4242 qui
530 4163 610 4222 enim
623 4163 737 4221 dicitas
745 4163 872 4240 aliquem
882 4183 970 4228 norae,
984 4160 1052 4217 satis
1065 4155 1170 4234 innuit?

66 4257 97 4294 se
109 4239 195 4298 illum
208 4247 426 4301 commeruimus
441 4265 452 4302 .-
472 4245 653 4305 Auctoritate
667 4243 757 4318 igitur
770 4243 904 4302 omniurn
921 4242 1076 4296 MStorurn
1095 4235 1161 4292 Ox·

65 4335 109 4373 oo.
120 4332 150 4378 et
163 4322 252 4378 Palat.
272 4323 406 4398 itemque
420 4323 506 4382 Nori.
520 4323 626 4382 Meas..
640 4324 721 4388 Harl.
738 4329 765 4378 a.
789 4337 819 4382 et
828 4325 913 4380 Cant.
926 4341 928 4348 ’
940 4315 1161 4391 editionumque

64 4410 212 4469 ueterum,
224 4403 315 4460 verba
324 4417 406 4458 nosse
419 4417 446 4460 et
464 4403 568 4462 delevi.
589 4402 695 4466 Sitt‘iii.
706 4393 758 4463 ⁵50.
800 4399 1003 4469 Artificiosum
1020 4395 1160 4468 Sidonius,

67 4497 147 4548 quem
165 4491 197 4538 tu
205 4479 308 4558 probb,
321 4483 429 4553 Catule,
443 4481 613 4544 meministi·
696 4483 698 4487 ’
1187 4482 1193 4498 ’

608 4563 640 4636 L
