2830 5014
522 291 650 354 LIBER
669 293 727 352 111.
750 299 793 352 ts.
1168 302 1228 360 att

95 444 261 524 -t'uerunt
309 435 484 510 Arcesilas
496 439 655 536 primum,
680 440 740 537 qui
751 441 975 516 Polemonem
986 441 1151 528 audierat,
1177 473 1223 522 ex

93 544 202 616 variis
221 536 372 614 Platonis
383 534 489 616 libris,
504 539 791 634 sermonibusque
803 541 982 614 Socraticis
995 541 1060 615 hoc
1072 545 1220 618 maxime

94 641 252 738 arripuit,
266 635 361 708 Nihil
379 657 455 706 esse
467 636 565 714 certi,
576 636 673 732 quod
690 648 749 708 aut
764 640 922 711 sensibus
939 649 997 712 aut
1012 641 1132 714 animo
1143 667 1219 738 per·

95 739 169 835 cipi
189 736 312 834 possit:
338 757 443 828 quem
461 732 590 816 ferunt,
607 733 733 806 eximio
745 736 896 832 quodam
923 763 1023 811 usum
1035 739 1150 836 lepore
1168 741 1218 813 di·

96 839 218 918 cendi,
233 841 457 929 aspernatum
475 855 549 904 esse
568 857 676 910 omne
691 833 796 905 animi
822 857 1017 932 sensusque
1037 835 1216 931 judicium,

97 937 321 1032 primumque
335 929 525 1002 instituisse
543 932 767 1027 (quamquam
779 931 814 1004 id
828 933 895 1004 fuit
904 934 1116 1009 Socraticum
1128 961 1219 1010 max-

99 1033 204 1124 ime),
231 1055 318 1108 non,
343 1028 428 1122 quid
453 1029 524 1125 ipse
544 1028 706 1108 sentiret,
731 1030 938 1113 ostendere3
962 1033 1024 1104 sed
1037 1046 1156 1107 contra
1172 1035 1218 1116 id,

93 1132 193 1228 quod
210 1129 360 1226 quisque
371 1151 407 1197 se
422 1126 551 1199 sentire
564 1126 722 1206 dixisset,
733 1127 929 1222 disputare'
971 1131 1067 1202 Hinc
1077 1132 1156 1208 haec
1166 1159 1217 1205 rc·

93 1231 239 1302 cantior
256 1226 441 1298 ‚undenis
455 1225 636 1304 emanavit,
653 1224 690 1294 in
709 1247 776 1319 qua
791 1225 923 1300 exstitit
939 1226 1054 1299 divina
1069 1231 1217 1326 quadam

93 1326 274 1402 celeritate
293 1323 423 1420 ingenii
441 1322 649 1417 dicendique
670 1321 776 1417 copia
788 1322 1011 1410 Carneades3
1036 1329 1137 1424 cujus
1150 1353 1217 1425 ego

93 1425 162 1498 etsi
188 1425 315 1518 multos
342 1421 518 1494 auditores
541 1419 689 1516 cognovi
721 1417 884 1500 Athenis,
908 1432 1025 1494 tamen
1052 1437 1214 1500 auctores

91 1522 305 1596 certissimos
320 1521 462 1592 laudare
478 1541 632 1614 possum,
657 1526 691 1588 et
705 1539 865 1590 socerum
881 1545 995 1594 meum
1010 1521 1215 1608 Scaevolam,

15 1651 17 1664 ·
92 1621 160 1718 qui
173 1647 252 1694 eum
267 1621 390 1691 Romae
403 1615 535 1690 audivit
546 1615 761 1696 adolescens,
787 1625 824 1688 et
841 1617 889 1698 Q.
918 1618 1102 1694 Metellum
1120 1625 1162 1695 t,
1176 1626 1214 1696 fi·

92 1721 194 1800 lium,
219 1718 419 1790 tarmliarem
428 1739 557 1796 meum,
573 1713 800 1786 clarissimum
812 1713 937 1794 virum,
961 1718 1021 1815 qui
1038 1719 1131 1794 illum
1147 1726 1215 1793 ase

92 1818 320 1890 adolescente
335 1814 496 1892 Athenis,
508 1812 578 1907 jam
590 1812 757 1886 affectum
773 1820 972 1896 senectute,
996 1817 1216 1891 multosdies

91 1915 259 1988 auditum
273 1937 349 1985 esse
362 1913 507 1985 dicebat.

146 2013 245 2085 XIX.
266 2013 495 2091 Haeoautem,
514 2017 553 2082 ut
568 2031 615 2081 ex
638 2005 857 2105 Appennino
877 2007 1071 2096 fluminum,
1096 2015 1146 2090 sic
1171 2041 1217 2088 ex

93 2112 274 2184 communi
288 2110 494 2206 sapientium
503 2108 591 2204 jugo
605 2116 687 2179 sunt
700 2107 936 2180 doctrinarum
950 2109 1039 2182 facta
1053 2113 1194 2186 divortia
1206 2142 1217 2199 ;

92 2209 338 2306 utphilosophi
351 2218 523 2301 tamquam
532 2205 571 2278 in
583 2228 749 2301 superum
759 2206 998 2280 mareIonium
1010 2209 1216 2290 defluerent,

14 2311 18 2318 ’
73 2306 266 2381 'Graecum
282 2307 503 2403 quoddarnet
529 2317 752 2400 portuosum:
779 2318 932 2402 oratores
954 2309 1119 2380 autemin
1132 2309 1216 2381 infe-

91 2431 172 2480 rum
188 2407 264 2487 hoc,
292 2407 456 2478 Tuscum
473 2411 510 2475 et
536 2402 727 2481 barbarum,
746 2401 968 2500 scopulosum
988 2423 1096 2502 atque
1114 2407 1216 2482 infes-

91 2513 183 2584 tum,
209 2507 450 2586 -laberentur;
482 2502 520 2572 in
557 2524 629 2597 quo
654 2500 853 2596 etiam-ipse
878 2503 916 2573 U
919 2503 1033 2599 lysses
1058 2516 1213 2580 errasset.

91 2599 218 2682 Quare
231 2601 259 2672 si
273 2603 337 2673 hac
347 2599 549 2695 eloquentia
560 2613 666 2692 atque
678 2599 744 2670 hoc
761 2611 896 2672 oratore
909 2604 1069 2675 contenti
1083 2629 1216 2686 sumus,

89 2701 157 2796 qui
174 2699 262 2772 sciat
280 2707 340 2772 aut
365 2721 491 2794 negare
517 2703 687 2792 oportere,
714 2697 841 2792 ⁴quod
868 2721 1033 2794 arguare3
1057 2711 1127 2778 aut,
1154 2703 1214 2770 ⁵si

89 2797 130 2871 id
149 2823 222 2872 non
233 2797 355 2895 possis,
374 2807 451 2869 tum
479 2793 677 2876 ostendere,
692 2794 786 2890 quod
803 2795 832 2867 is
848 2795 983 2875 fecerit,
1000 2795 1060 2892 qui
1077 2797 1219 2869 insimu-

89 2898 194 2978 letur,
212 2905 274 2968 aut
285 2897 378 2969 recte
392 2895 607 2973 aerumna
628 2891 793 2966 ⁶alterius
804 2891 907 2990 cutpt
920 2903 979 2966 aut
991 2893 1126 2984 iniurit,
1152 2906 1214 2967 aut

89 2997 236 3093 exlege,
248 3007 310 3066 aut
329 3019 405 3066 nou
437 3003 560 3064 contra
576 2991 702 3086 legem,
719 3002 780 3064 aut
804 2991 1049 3090 imprudentit,
1071 3003 1132 3064 aut
1157 3015 1227 3064 ne*

91 3092 243 3166 cessario
263 3100 344 3175 3aut
361 3117 434 3164 non
447 3115 488 3162 eo
510 3088 654 3161 nomine
676 3091 925 3188 usurpandum,
939 3114 1010 3186 quo
1031 3109 1193 3189 arguatur
1205 3117 1216 3176 ;

135 3227 155 3276 4
170 3223 246 3290 quod
257 3235 385 3290 arguare
394 3215 424 3296 ς]
445 3220 519 3276 Sunt
531 3215 583 3293 qui
597 3200 702 3292 legunt
716 3235 771 3287 quo
786 3219 820 3272 de
833 3233 961 3287 arguare
976 3235 986 3273 .·
1007 3234 1075 3276 nam
1092 3221 1216 3289 aliquem

89 3302 184 3370 argui
195 3301 314 3370 aliquid,
335 3297 383 3356 vix
403 3297 507 3356 Latine
525 3295 586 3356 dici
599 3293 733 3354 videtur:
753 3295 850 3374 itaque
865 3295 894 3352 in
918 3296 993 3354 Part.
1020 3299 1099 3357 Orat.
1117 3318 1141 3356 c.
1167 3306 1216 3356 29.

91 3376 167 3440 ciam
182 3377 319 3444 occurrit,
330 3380 369 3446 id,
390 3377 467 3453 quod
488 3395 628 3448 arguere,
655 3393 744 3448 neges
770 3381 826 3434 talc
851 3373 1030 3450 canaparius
1055 3377 1215 3452 legendum

90 3471 184 3528 esset,
197 3462 230 3515 id
243 3476 301 3534 quo
315 3459 351 3516 de
365 3475 499 3529 arguere.
541 3457 601 3514 Sed
614 3454 688 3512 mihi
696 3474 753 3513 non
762 3460 857 3530 placet
866 3455 944 3519 istud
953 3473 1092 3526 arguare,
1107 3475 1214 3516 secun-

86 3541 139 3599 ἐκ
155 3555 299 3613 personae,
312 3535 364 3614 qui
378 3547 570 3611 praecesserat
583 3538 665 3600 scion
678 3534 773 3596 tertiae
789 3554 945 3610 personae;
967 3537 1003 3594 de
1018 3537 1142 3593 Oratore
1159 3539 1215 3597 hoc

87 3616 219 3676 dicitur:
241 3613 365 3676 necans
388 3615 479 3690 igitur
501 3615 624 3674 fortasse
639 3617 729 3688 legas,
744 3621 820 3688 quod
838 3626 989 3687 arguatur,
1011 3613 1029 3670 i.
1051 3634 1077 3672 e.
1092 3613 1122 3673 id
1137 3614 1221 3694 qnod

93 3715 153 3754 suo
165 3695 264 3760 clienti
277 3695 442 3774 objiciatur,
456 3695 517 3754 sive
531 3693 560 3752 id
575 3693 654 3770 quod
666 3693 695 3750 in
716 3692 861 3770 judicium
873 3708 1001 3762 vocetur,
1013 3694 1086 3752 utin
1098 3697 1151 3756 Or.
1163 3718 1218 3774 pro

91 3774 206 3834 Caeein
221 3795 246 3833 c.
265 3781 288 3832 1.
303 3796 361 3832 non
376 3779 522 3836 dubitavit
537 3777 568 3830 id
580 3778 684 3842 t‘lzaum,
706 3776 783 3850 quod
796 3772 938 3848 arguitur,
953 3777 1093 3846 cantfieri.
1134 3778 1170 3836 Er
1186 3777 1217 3835 in

90 3857 152 3914 Or·
167 3871 220 3928 pro
234 3857 303 3930 Syll·
318 3874 342 3913 c.
366 3861 413 3912 24.
429 3862 456 3914 εἰ
469 3860 533 3926 quis
548 3855 707 3912 dubitasset
717 3851 820 3916 antec,
835 3871 904 3908 num
919 3856 960 3920 td,
972 3859 1049 3932 quod
1061 3869 1092 3914 tu
1106 3856 1215 3929 argum,
1269 3903 1274 3912 .

89 3937 260 4006 cogitasset,
271 3946 326 3992 etc.
341 3935 495 3994 Ciceronis
504 3936 541 3994 de
553 3936 666 3992 lavent.
679 3930 708 3989 ii.
727 3939 735 3990 t
748 3939 767 3986 1.
780 3929 850 3998 edm
861 3931 979 4003 dicitur,
990 3955 1096 4006 negare
1106 3943 1215 4000 oporte·

82 4017 132 4070 ,ott
147 4018 184 4070 de
199 4019 263 4070 vita
277 4013 398 4081 etfiaett's
413 4019 522 4088 quaert:
551 4015 603 4070 sed
616 4013 651 4068 de
664 4029 695 4068 eo
709 4013 837 4080 crimine,
864 4031 922 4089 quo
939 4016 975 4073 de
989 4023 1139 4083 arguatur,
1155 4029 1216 4066 rna·

92 4092 147 4152 lim
160 4095 267 4168 legere
282 4097 357 4166 quad
367 4107 523 4166 arguatur.

135 4177 191 4232 ssi
209 4176 244 4230 id
256 4191 313 4229 nan
330 4173 451 4253 possin]
474 4172 651 4249 Legendum
665 4167 768 4245 opinor
776 4175 883 4242 poerit,
898 4191 938 4230 sc.
962 4179 1076 4226 orator:
1097 4167 1174 4242 quod
1187 4179 1218 4229 et

93 4251 267 4312 Manutium
283 4253 409 4322 edidisse
421 4256 515 4314 video.

135 4335 282 4399 §alterius
293 4337 381 4404 carna
393 4346 443 4392 aut
462 4328 600 4410 injuria]
621 4331 643 4388 F
646 4327 707 4394 Otii>
723 4340 751 4388 et
772 4331 898 4404 injuridss
931 4324 959 4412 ⁵1,
977 4321 1047 4380 verb
1057 4402 1062 4415 ¹
1074 4323 1152 4386 isffld
1166 4345 1220 4389 ΟΜ

90 4408 283 4479 retineamus,
296 4425 396 4472 tamen
425 4414 461 4470 de
475 4413 585 4486 injuriat
607 4409 738 4482 atterius,
760 4429 819 4478 uon
832 4409 899 4489 ejus
912 4420 963 4482 qut
981 4420 1126 4482 arguitur,
1141 4413 1223 4488 loqui

91 4489 306 4568 intelligendus
320 4504 368 4554 ast
382 4493 503 4554 Noster.
