2830 5014
528 313 654 380 LIBER
674 317 730 382 111.
751 325 777 376 8,.
803 337 817 382 ,ι
1172 335 1232 398 213

107 484 185 546 aaa,
197 464 240 538 in
252 485 322 558 qm
334 468 553 558 ,praestantes
570 461 714 539 luerunt
736 465 859 562 Myro,
873 467 1084 564 Polycletus,
1112 472 1236 572 Lysim

107 586 203 658 pum
228 561 287 658 qui
304 583 427 636 umes
439 559 531 632 inter
548 585 587 633 se
604 562 786 642 dissimiles
799 563 953 650 luerunt,
970 569 1032 648 sed
1049 567 1237 657 itatamea,

110 661 346 738 utnerninam
361 657 413 731 aui
430 657 517 732 velis
532 683 610 734 esse
622 659 834 758 dissimilem.
886 665 970 740 Una
987 675 1042 738 est
1057 689 1111 742 ars
1137 670 1236 744 ratio-

107 783 185 856 que
195 755 650 856 patermdissimilimiqae
666 773 782 838 tamen
798 760 894 835 inter
910 765 1108 846 seZauxis,
1131 767 1234 865 Agla-

110 855 423 954 ephon,rlpe-llea·;
448 879 566 952 neque
575 879 699 939 aarum
707 859 890 954 quisquam
901 871 964 943 eat,
977 863 1236 961 cuiquidquam

111 954 155 1028 in
165 964 235 1028 arte
251 980 318 1030 auu
325 955 449 1028 deesse
466 953 633 1028 videatur.
682 953 742 1035 Et,
758 955 864 1048 sibae
880 959 918 1034 in
936 960 989 1038 his
1009 963 1104 1059 quasi
1127 965 1236 1038 mutis

109 1055 245 1128 artibus
258 1052 537 1133 ammirandum,
552 1063 588 1125 at
601 1061 720 1128 tamen
742 1079 875 1132 veram,
903 1068 1039 1152 quanto
1063 1060 1237 1139 admirabi-

108 1148 179 1226 liae
193 1153 235 1224 in
247 1152 526 1247 nuntiabantque
543 1152 580 1226 in
597 1149 741 1249 lingua?
765 1177 862 1248 quae,
880 1157 962 1228 alam
974 1157 1011 1232 in
1022 1157 1147 1238 iisdem
1159 1184 1238 1240 sem·

108 1250 237 1324 tentiis
253 1249 617 1346 verbisqueraaselum
637 1273 788 1340 surnruaa
801 1251 903 1326 habet
915 1253 1213 1336 dissimilitudines
1223 1287 1235 1346 ;

110 1343 131 1399 2
152 1348 301 1431 uenam,
318 1358 359 1442 ut
370 1348 426 1420 alii
442 1346 657 1445 vituperandi
675 1347 761 1427 eint,
777 1349 840 1423 aad
872 1359 912 1424 ut
928 1351 962 1433 ii,
979 1379 1068 1450 quos
1101 1365 1236 1432 constet

19 1507 23 1514 .
109 1446 405 1528 &abradendum
415 1446 454 1520 in
465 1445 591 1544 dispari
602 1455 719 1520 tamen
730 1469 856 1541 genere
866 1448 1063 1527 laudentur.
1113 1453 1235 1552 Atque

9 1603 21 1628 ,.
110 1545 310 1642 idprirubrn
325 1543 496 1642 inpolitis
509 1545 603 1623 cerni
621 1543 715 1624 lieet,
730 1545 858 1640 quibua
873 1557 927 1620 est
943 1549 1096 1644 proxima
1111 1575 1235 1650 cogna-

13 1697 15 1702 ,
103 1648 254 1721 -tioeum
267 1646 475 1726 aratoribus,
491 1643 681 1739 quamnim
698 1643 877 1718 intersese
888 1647 1041 1729 Ennius,
1051 1649 1233 1734 Pacuvius,

110 1743 246 1820 neem
322 1743 551 1827 ,dissimilem
595 1743 704 1837 quam
730 1742 822 1838 apud
844 1741 992 1820 Graecos
1021 1745 1235 1844 AEschylus,

110 1767 322 1939 809me
333 1840 519 1938 Euripides
529 1867 548 1912 r.
563 1862 775 1950 quamquam
792 1840 953 1917 omnibus
966 1867 1026 1940 par
1038 1869 1140 1942 paeue
1158 1848 1235 1922 laus

109 1938 323 2014 indissimili
349 1938 521 2012 aeribeudi
552 1961 683 2035 genere
714 1940 890 2026 tribuatur.
939 1938 1120 2039 Adspicite
1138 1971 1236 2028 nunu

107 2038 480 2134 eesbernineaatque
496 2036 695 2117 intuemini,
720 2060 870 2133 quorum
886 2037 930 2112 de
948 2039 1113 2120 facultate
1140 2067 1236 2140 quae-

11 2163 19 2190 ·
112 2137 232 2217 rimus,
248 2137 333 2234 quid
353 2137 493 2208 intersit
507 2136 801 2211 inter-matorum
826 2137 941 2214 studia
956 2149 1059 2236 atque
1079 2150 1234 2217 naturae.
1318 2193 1321 2199 -

110 2236 325 2308 vaitatem
336 2235 525 2316 ¹liberates,
539 2233 771 2310 subtilitatem
787 2235 923 2330 Lysias,
939 2261 1089 2314 acumen
1116 2239 1236 2337 Hype-

110 2334 218 2416 rides,
234 2333 390 2406 sonitum
401 2333 606 2415 AEmrunea
616 2333 684 2408 vim
706 2333 969 2410 Demosthenes
992 2337 1131 2410 babuit:
1155 2337 1236 2434 quis

110 2453 230 2509 aarum
243 2455 316 2506 uon
330 2429 516 2529 egregius?
534 2439 660 2516 ¹tamen
674 2431 754 2530 quis
769 2431 975 2530 cujusquam
993 2435 1059 2510 nisi
1077 2435 1129 2511 sui
1147 2435 1236 2516 eimi-

110 2532 181 2604 lis?
206 2530 421 2602 Gravitatem
435 2531 631 2612 Africanus,
647 2530 828 2608 lenitatem
853 2529 1002 2615 Laelius,
1019 2535 1237 2633 asperitatem

110 2629 238 2711 Galba,
254 2629 432 2725 profluens
445 2629 606 2726 quiddam
618 2627 739 2701 babuit
755 2629 867 2702 Carbo
892 2640 929 2701 et
945 2657 1132 2706 canorum:
1158 2635 1236 2729 quis

112 2727 328 2804 barumnon
355 2727 517 2825 princeps
545 2728 758 2826 temporibus
786 2727 1103 2810 illitteratam
1116 2737 1236 2808 minen

110 2827 263 2924 quisque
279 2827 315 2899 in
331 2848 463 2924 genere
479 2825 640 2922 priueeps
657 2823 670 2895 ?
1328 2836 1330 2841 ’

159 2927 273 2999 VIII.
297 2925 367 2996 Sed
382 2925 469 3021 quid
480 2938 678 3022 egouetera
695 2925 909 3022 conquiram,
934 2923 1016 2998 adm
1029 2924 1111 2998 mibi
1127 2925 1233 3000 liceat

112 3023 426 3121 uti'praesentibus
452 3023 621 3120 exemplis
647 3033 755 3120 atque
777 3023 890 3096 vivis?
922 3023 1026 3106 Quid
1045 3024 1234 3119 jrrcundius

111 3121 385 3196 auribusnostris
395 3146 561 3218 umquam
571 3121 699 3194 aedidit
712 3122 813 3220 hujus
824 3122 982 3195 oratione
999 3121 1135 3194 Catuli?
1150 3147 1234 3218 quae

110 3229 171 3294 est
185 3245 272 3316 pura
281 3221 343 3302 aie,
370 3229 410 3294 ut
426 3221 555 3294 Latine
573 3220 673 3316 loqui
687 3244 790 3317 paene
805 3221 899 3294 solus
915 3218 1071 3294 videatur
1076 3251 1086 3311 3
1112 3221 1235 3297 sican-

112 3331 188 3392 tem
201 3319 322 3416 gravis,
346 3319 434 3392 utin
450 3319 616 3391 sinsulari
632 3319 809 3414 dignitate
819 3319 914 3392 enim
931 3328 1051 3391 tamen
1065 3321 1156 3394 adsit
1172 3322 1234 3392 hu·

112 3418 262 3491 manitas
279 3441 323 3489 ao
343 3417 449 3515 lepus
497 3381 599 3500 duit
619 3415 754 3490 multa?
782 3417 887 3492 istum
902 3416 1049 3490 audieus
1071 3416 1234 3514 equidem

112 3517 163 3594 sic
179 3516 336 3614 judicare
352 3517 461 3594 soleo,
487 3515 738 3614 quidquidaut
760 3515 942 3598 addideris,
954 3527 1015 3590 aut
1035 3517 1234 3606 mutaveris,

112 3625 175 3686 aut
197 3615 398 3697 detraxeris,
422 3615 577 3688 vitiosius
594 3626 632 3687 et
654 3615 806 3690 deterius
820 3617 987 3690 futurum.
1039 3614 1139 3698 Quid
1155 3619 1254 3690 nos‘

155 3797 172 3846 2
186 3811 244 3848 aaa
258 3795 309 3861 ale,
322 3807 354 3850 ar
366 3791 415 3852 alii
428 3793 613 3863 vituperandi
625 3793 697 3860 siat,
711 3791 778 3872 aad]
797 3790 957 3851 Lambinus
970 3791 1042 3854 vidit
1052 3792 1130 3858 istud
1142 3799 1190 3852 aaz·
1202 3793 1233 3852 in

111 3875 171 3930 noc
184 3874 248 3930 leco
261 3871 329 3930 ferri
342 3893 399 3934 nun
421 3893 518 3949 posse,
537 3871 768 3948 sententiamque
779 3871 821 3930 aie
835 3872 1062 3947 explevit—noa
1077 3879 1126 3941 aie,
1137 3885 1170 3930 nt
1179 3875 1231 3930 alil

97 3989 102 4002 s
113 3951 260 4020 laudandi,
273 3951 320 4010 alii
329 3958 517 4023 vituperandi
529 3957 597 4020 aiat,
607 3964 664 4010 etc.
680 4001 688 4011 „
705 3953 775 4020 Sed,
784 3949 938 4012 cdmnulli
950 3957 1107 4014 MSturum
1118 3961 1167 4008 aut
1174 3948 1231 4006 im·

112 4047 290 4107 pressurum
300 4031 442 4098 librorum
453 4032 621 4092 aucusitare
632 4031 746 4098 nitatur,
759 4029 942 4112 nimiumque
954 4035 1092 4106 evulgata
1106 4028 1232 4088 lectione

111 4111 239 4180 recedat,
261 4127 317 4169 non
336 4115 431 4172 audeo
449 4116 496 4170 rel
511 4112 580 4172 tanti
595 4112 650 4170 viri
663 4108 814 4174 senteuriae
830 4117 991 4171 accedere:
1013 4107 1157 4183 Equidem
1170 4106 1233 4166 leri

112 4189 272 4250 admodum
287 4191 374 4252 unlus
388 4193 472 4252 verbi
484 4193 646 4252 mutatione
660 4189 803 4249 labantem
817 4191 990 4252 senteutiam
1005 4186 1105 4245 malim
1116 4185 1230 4245 fulcire.

113 4269 194 4341 Quia
207 4271 291 4332 enim
303 4271 437 4347 impedit,
451 4287 508 4348 qao
526 4270 623 4331 tuinbs
638 4271 794 4330 credamus
814 4272 986 4330 Ciceronem
1001 4265 1042 4322 sic
1058 4266 1229 4340 scripsisset

113 4364 171 4408 nan
184 4353 233 4418 et'c,
251 4364 286 4406 at
299 4351 389 4428 aliqui
403 4353 464 4428 (vel
478 4364 510 4408 ut
524 4350 590 4426 ulli)
612 4354 800 4418 vituperandi
813 4357 878 4408 einr.
919 4349 948 4404 N
952 4363 1017 4414 unc,
1037 4347 1138 4414 lectur,
1157 4347 1230 4408 nibil

113 4441 170 4490 est.
183 4433 261 4504 qued
275 4433 312 4490 ad
326 4432 511 4506 implendum
524 4450 645 4492 sensum
659 4427 816 4488 desideres.
857 4425 1105 4502 Frequentissime
1121 4441 1230 4498 autem,

111 4518 147 4570 ut
156 4505 235 4578 later
247 4510 377 4582 Celticos
389 4522 508 4588 constat,
525 4517 600 4597 altae
614 4521 646 4582 et
656 4514 760 4595 altqrra'a
773 4507 995 4580 coubndunua
