2830 5014
520 395 524 404 ·
544 361 671 428 um
689 363 730 422 11.
752 367 798 420 6⁸.

91 569 95 576 ,
152 527 157 537 ‚
258 505 479 577 *eurem
492 507 544 564 eas
811 579 813 585 ¹

96 645 99 655 ,
139 586 208 644 Isto
224 587 322 644 mulier
334 611 345 651 ,-
361 603 468 650 uxor:
490 585 618 645 Ssimib'a
633 591 737 645 medias
751 589 867 660 fidius:
887 591 926 656 et,

141 670 160 716 t
177 667 318 738 Quamdiu
331 666 369 718 od
381 665 551 736 aquassuit,
564 685 716 746 numqrmm
730 678 772 724 eat
786 683 925 722 mortuae.

97 777 100 782 ·
153 745 331 818 LXVIII.
356 744 481 828 Genus
499 747 565 817 hoo
576 747 696 828 levius,
719 758 767 829 et,
782 757 824 820 ut
840 745 924 828 dixi,
941 743 1118 818 mimicum
1130 743 1219 816 :sed

100 841 215 916 babet
231 867 498 939 nonnumquam
524 842 654 942 aliquid
670 843 773 916 etiam
797 843 890 940 apud
915 868 980 915 nos
1004 841 1082 924 loci,
1107 852 1148 914 ut
1163 841 1218 914 vel

99 961 179 1027 non
202 941 332 1014 stultus
358 941 453 1036 quasi
477 940 584 1013 stulte
606 966 685 1014 cum
707 942 780 1013 sale
793 941 882 1013 dicat
903 937 1057 1038 aliquid3
1079 948 1121 1010 ut
1146 938 1220 1020 tibi,

100 1039 247 1119 Antoni,
272 1039 424 1118 Mancia,
440 1039 523 1110 edm
540 1039 697 1112 audisset
711 1050 747 1110 te
758 1061 937 1112 censorem
955 1041 975 1108 a
994 1037 1043 1107 Μ.
1058 1035 1221 1108 Duronio

99 1135 145 1207 de
160 1135 292 1230 ambitu
319 1135 538 1230 postulatum,
563 1135 754 1230 aliquando,
779 1135 907 1232 inquit,
933 1135 993 1207 tibi
1010 1143 1103 1206 tuum
1120 1155 1219 1224 nego-

4 1245 5 1252 ’
99 1236 187 1306 tium
206 1255 316 1326 agere
333 1233 456 1308 licebit.
505 1233 621 1306 Valde
647 1233 725 1306 haec
742 1230 920 1311 ridentur,
936 1241 971 1304 et
987 1230 1131 1303 hercule
1149 1255 1219 1303 om·

100 1331 174 1411 nia,
199 1353 281 1426 qnae
297 1333 318 1400 zi
333 1330 571 1428 prudentibus,
602 1329 728 1427 ⁵quasi
748 1354 807 1426 per
822 1328 1131 1402 dissimulationem
1147 1351 1221 1400 non

101 1427 332 1524 intelligendi,
359 1429 572 1501 subabsurde
589 1429 748 1522 salseque
764 1425 939 1500 dicuntur.
988 1427 1045 1499 Ex
1070 1451 1140 1521 quo
1164 1449 1222 1522 ge·

100 1534 250 1598 nereest
266 1527 379 1608 etiam,
405 1525 597 1600 nonvideri
619 1523 826 1620 intelligere,
849 1523 945 1622 quod
961 1523 1133 1619 intelligas
1145 1555 1155 1614 ;
1180 1529 1222 1595 ut

4 1641 5 1647 ’
98 1623 298 1704 Pontidius,
321 1624 455 1720 qrmlem
478 1625 663 1705 em'stimas,
688 1625 748 1716 qui
764 1625 799 1692 ia
815 1622 984 1694 odrrltmio
1003 1619 1046 1693 de
1070 1619 1222 1694 redendi-

99 1720 193 1794 tur?
217 1721 377 1794 lordum:
402 1732 443 1796 ut
459 1747 535 1822 ego,
560 1721 621 1819 qui
638 1720 673 1793 in
692 1719 830 1794 delectu
843 1718 1002 1801 Metello,
1026 1743 1108 1793 cum
1120 1741 1221 1792 exeu-

4 1822 6 1864 ῑ
100 1819 275 1889 sationem
297 1821 476 1893 oculorum
507 1821 528 1890 d
549 1843 605 1891 me
639 1843 711 1890 non
735 1816 916 1913 acciperet,
942 1827 980 1889 et
1001 1815 1159 1896 dixisset,
1183 1825 1221 1887 ta

103 1915 221 2006 igitar
235 1915 327 1986 nillil
340 1915 473 1988 uides?
493 1917 575 2010 Ego
591 1918 678 1996 verb,
704 1915 859 2010 inquam,
884 1915 906 1986 ὸ
914 1924 1020 2011 porta
1036 1911 1222 2010 Esquilina

103 2009 232 2083 ⁶video
246 2011 363 2086 m'llam
376 2023 491 2088 taam:
517 2023 557 2087 ut
576 2015 661 2087 illud
674 2013 826 2096 Nasieae,
852 2012 911 2110 qui
929 2011 1010 2086 edm
1024 2011 1066 2082 ad
1078 2009 1222 2108 po'etam

102 2109 260 2183 Ennium
277 2111 437 2194 venisset,
462 2113 564 2211 eique
580 2113 623 2184 ab
634 2109 723 2184 ostio
735 2109 907 2207 quaerenti
925 2111 1080 2182 Ennium
1097 2109 1223 2180 ancilla

103 2205 263 2288 dixisset,
285 2209 460 2283 dominon
473 2235 550 2283 esse
568 2239 579 2295 ;
604 2209 730 2283 Nasica
742 2209 853 2282 sensit
869 2207 964 2281 illam
981 2207 1112 2280 domini
1118 2204 1222 2299 jussu

103 2304 246 2386 dixisse,
270 2318 308 2378 et
332 2307 430 2380 illurn
447 2309 545 2380 intus
570 2332 664 2380 esse:
690 2307 807 2405 paucis
832 2315 912 2404 post
929 2305 1048 2377 diebus
1072 2303 1154 2390 cum
1178 2301 1223 2374 ad

101 2403 264 2476 Nasicam
275 2404 426 2478 venisset
439 2406 590 2489 Ennius,
616 2413 746 2478 etcum
764 2405 897 2502 ajanua
912 2411 1099 2502 quaereret,
1112 2400 1222 2474 excla-

100 2511 175 2576 mat
201 2501 337 2583 Nasica,
359 2499 400 2575 'se
416 2505 510 2580 domi
539 2529 613 2577 non
630 2529 727 2576 esse:
752 2507 830 2575 turn
848 2503 1000 2584 Ennius,
1024 2499 1132 2596 quid?
1157 2525 1223 2596 ego

98 2623 165 2672 moa
180 2622 339 2692 eogmsco
354 2625 477 2681 vocem,
502 2603 632 2698 inquit,
657 2611 749 2674 tuam
766 2601 789 2671 ?
814 2599 893 2674 Hic
909 2603 945 2674 N
947 2602 1053 2681 asiea,
1077 2605 1170 2673 tomo
1185 2623 1224 2673 es

102 2697 284 2792 impudens
299 2711 313 2766 :‘
334 2721 410 2789 ego,
426 2699 506 2771 clam
523 2709 556 2770 te
574 2723 769 2793 premerem,
793 2700 925 2771 ancille
946 2709 1013 2769 true
1026 2697 1171 2774 credidi,
1189 2706 1224 2766 te

102 2793 197 2866 dorm
212 2818 274 2866 uon
289 2819 363 2881 esse
378 2822 395 2874 ;
420 2806 457 2868 tu
474 2799 561 2870 milu'
575 2821 636 2870 aon
651 2799 761 2871 credis
778 2797 848 2895 apsi
864 2794 887 2863 ?
911 2795 974 2865 Est
992 2791 1120 2866 bellurn
1136 2790 1225 2862 illud

102 2912 246 2988 quoque
261 2893 333 2964 lex
349 2919 428 2990 ,quo
438 2892 477 2973 is,
503 2894 563 2990 qui
581 2894 681 2976 dixit,
707 2896 869 2968 irridetur
882 2893 918 2966 in
936 2916 979 2966 eo
990 2891 1067 2988 ipso
1083 2913 1223 2984 genere,

101 2989 229 3086 ⁸qu0d
246 2990 356 3078 dixit;
381 3001 421 3063 ut
435 2991 529 3074 edm,
553 2993 603 3076 Q.
631 2994 794 3090 Opimius
807 2991 1009 3072 consularis,
1033 2991 1049 3040 ⁹
1064 2986 1125 3086 qui
1142 2983 1224 3056 ado.

144 3122 275 3178 adnuae
290 3123 398 3176 mediae
410 3118 544 3201 fidium]
566 3121 655 3182 Jocus
668 3140 708 3180 ex
719 3124 916 3182 subabsurde:
937 3117 1012 3176 dixit
1025 3113 1107 3174 enirn
1117 3111 1225 3172 mulie·

102 3215 170 3257 rem
185 3197 276 3255 visam
287 3217 353 3257 esse
367 3199 504 3258 Uxorem
520 3200 606 3259 istius
618 3201 754 3270 hominis,
769 3200 838 3276 quia
848 3195 952 3258 similis
966 3195 1023 3270 ipsi
1037 3204 1123 3252 esset.

146 3286 165 3333 4
181 3277 324 3346 Quamdiu
336 3283 374 3334 ad
387 3275 496 3359 aquas]
511 3283 613 3356 Aquas
629 3279 660 3338 in
679 3282 786 3355 plurali
799 3277 868 3336 edm
884 3275 993 3344 dsunt,
1007 3291 1095 3350 aquas
1117 3270 1226 3331 calidas

104 3367 138 3420 et
153 3353 311 3414 medicatas
322 3355 486 3433 intelligunt
499 3374 532 3419 ut
549 3359 680 3428 Baianas,
694 3372 749 3418 etc.
791 3357 920 3432 Quidam
934 3353 1024 3429 igitur
1034 3357 1114 3411 lento
1128 3363 1225 3410 eoum·

104 3437 216 3492 besens
229 3437 484 3512 morbnadaquas
507 3451 658 3497 recreatus
682 3441 800 3498 tandem
827 3455 892 3496 esse
906 3433 1066 3500 videbatur,
1088 3447 1227 3489 reversus

101 3515 191 3589 paulo
206 3526 273 3588 post
285 3514 363 3572 obiit.
404 3517 438 3573 Id
448 3518 607 3576 absurdum
628 3517 720 3576 videri
743 3522 805 3577 vuit
825 3515 980 3581 cavillator,
993 3509 1072 3588 qubd
1086 3512 1121 3568 ad
1135 3527 1225 3586 aquas
1252 3529 1254 3532 ·

101 3590 265 3668 potidsubi
272 3595 442 3654 valetudinis
453 3615 555 3655 caussa
564 3596 676 3654 tamdiu
685 3597 839 3664 desiderat,
846 3594 923 3653 mori
933 3594 1041 3651 debuit.
1055 3591 1223 3656 Turnebus,

132 3683 159 3729 ‚5
175 3677 321 3742 quesitam·
332 3677 588 3734 dissimulationem
602 3693 659 3730 non
673 3672 877 3754 intelllgendi,]
894 3673 949 3731 Vel
962 3672 1027 3730 dele
1040 3691 1108 3748 nom,
1123 3673 1168 3728 vel
1182 3672 1225 3728 le·

102 3767 143 3826 ge
155 3769 226 3808 eum
244 3750 332 3809 msto
345 3754 428 3811 Harl.
447 3762 471 3812 t.
485 3757 718 3812 simulationem:
737 3756 766 3814 In
778 3759 833 3812 hoe
844 3769 964 3827 genere,
978 3769 1036 3807 oon
1057 3757 1165 3810 stultus
1179 3749 1226 3824 (ut

101 3832 192 3904 paulo
205 3846 292 3902 supra
311 3833 428 3890 locutus
441 3846 487 3892 est
507 3833 631 3909 Noster)
649 3841 731 3904 quasi
742 3833 829 3891 atate?
848 3849 912 3889 cam
925 3835 984 3888 eale
1005 3835 1076 3891 dicit
1088 3833 1222 3902 aliquid.-

101 3913 220 3966 ec'muluc
231 3907 319 3981 igitur
333 3930 365 3968 se
377 3931 433 3967 non
445 3917 618 3984 intelligere,
633 3911 702 3969 cum
712 3913 861 3988 intelligat.

142 3991 255 4042 ovideo
269 3991 364 4044 valam
379 4005 458 4050 ruam
469 3988 498 4071 :]
531 3994 662 4066 Nempe,
677 3995 751 4050 adeo
766 3989 964 4067 magnificam,
987 4003 1021 4050 ut
1033 3991 1063 4050 in
1082 3983 1222 4046 invidiam

99 4064 267 4125 Metellum
277 4069 437 4129 adduxerit.

140 4150 157 4201 7
172 4165 213 4204 ex
227 4165 287 4221 quo
298 4151 335 4215 is,
350 4155 400 4220 qai
413 4147 520 4287 dixiap
535 4151 711 4224 Legendum
724 4161 872 4221 estonum
887 4150 978 4228 (quod
998 4148 1030 4204 in
1044 4141 1224 4232 MStisscri·

99 4223 179 4282 bitur
191 4225 255 4284 lere
270 4228 402 4300 qaam),·
423 4228 482 4288 nisi
516 4229 577 4288 orte
594 4249 680 4287 voces
705 4249 744 4284 ex
766 4249 821 4300 pao
837 4231 948 4305 possim
966 4222 1128 4299 significare
1142 4222 1225 4282 adem

99 4304 177 4392 quod
188 4323 299 4375 quum:
318 4306 352 4365 id
362 4323 429 4368 tum
443 4329 483 4367 ex
497 4312 552 4368 hoc
568 4311 633 4367 loeo
646 4309 788 4383 suspicor,
802 4322 865 4369 tum
880 4327 919 4368 ex
932 4325 968 4365 eo
980 4302 1058 4379 quod
1072 4297 1180 4360 dieitur
1192 4301 1226 4360 in

99 4398 150 4436 ιιι..
162 4387 205 4438 19.
219 4403 260 4438 ese
273 4404 329 4456 quo
340 4387 510 4454 promiscue
521 4391 684 4458 haurirent,
696 4403 751 4447 etc.

143 4466 345 4533 equodoixit
356 4463 386 4545 ι]
417 4468 481 4526 Via
495 4469 594 4528 dubito
607 4466 678 4544 quin
699 4471 860 4546 tegendum
882 4463 927 4530 sib
948 4479 1001 4532 lu⁰
1024 4464 1113 4534 dixit,
1139 4482 1179 4522 ⁵0·
1195 4464 1225 4520 in
1253 4493 1256 4501 ⁴

99 4557 161 4615 quo
169 4559 283 4619 genere
298 4543 384 4606 dixit.
