2830 5014
541 381 669 444 LIBER
688 381 743 444 111.
764 383 795 454 ε’
817 434 824 448 Ι
1154 393 1211 454 20⁰

84 536 193 610 libres
204 529 363 608 Plutonis
373 526 575 604 mirabiliter
587 531 733 631 scriptos
744 535 838 632 legit,
850 531 887 608 in
900 531 1025 632 quibus
1046 528 1219 616 omnibus

83 637 159 708 fere
175 635 334 706 Socrates
350 629 564 727 exprimitur,
577 657 663 713 non,
685 652 893 730 quemquem
905 631 960 705 illa
980 635 1106 732 scripta
1122 649 1207 715 suut

82 731 262 813 divinitus,
290 739 413 814 temen·
435 727 544 823 majus
574 729 737 824 quiddam
753 732 797 802 de
826 731 899 813 illo,
914 731 959 806 de
987 758 1057 829 quo
1078 735 1206 832 scripte

81 838 183 912 sunt,
201 829 412 926 suspicetur:
440 827 536 922 quod
553 825 639 900 item
650 853 715 900 nos
726 833 954 925 postulamus,
967 835 1073 904 nond
1088 842 1122 904 te
1134 834 1206 930 qui-

81 928 175 1010 dem,
192 929 280 1024 ⁷qui
296 925 398 1000 nobis
414 925 532 996 omniu
557 949 690 1000 summa
705 927 837 1009 tribuis,
863 929 926 1002 sed
944 930 964 1000 ὲ
982 931 1128 1011 steteris,
1142 933 1204 1030 qui

81 1027 161 1101 haec
178 1027 216 1108 in
229 1047 357 1098 manus
374 1033 528 1103 sument,
544 1033 586 1094 ut
613 1025 726 1121 majus
742 1026 905 1120 quiddam
930 1027 972 1098 de
997 1029 1041 1100 L.
1066 1029 1202 1126 Cressq,

75 1128 188 1220 quem
199 1132 374 1220 quantum
388 1121 520 1195 duobis
530 1121 755 1218 exprimetur,
768 1125 1005 1220 suspicentur:
1031 1149 1094 1200 nes
1109 1126 1204 1201 euim

74 1221 141 1319 qui
157 1223 226 1318 ipsi
245 1219 399 1294 sermoni
415 1242 489 1292 non
511 1219 801 1303 interfuissemus
818 1232 854 1294 et
878 1222 1003 1317 quibus
1028 1221 1070 1296 C.
1097 1225 1200 1316 Cotto

76 1323 328 1398 tantummodo
342 1319 437 1394 locos
450 1341 491 1390 uc
507 1317 696 1390 sententias
716 1317 820 1414 hujus
844 1319 1084 1417 disputationis
1100 1321 1203 1395 tradi·

77 1417 198 1498 disset,
214 1443 285 1514 quo
300 1417 338 1490 in
352 1441 481 1512 genere
494 1415 658 1490 orationis
675 1425 862 1512 utrumque
888 1429 1058 1506 oratorem
1074 1446 1202 1519 eogno-

75 1541 252 1598 veremus,
270 1515 306 1587 id
322 1515 437 1612 ipsum
462 1537 584 1586 sumus
612 1513 649 1587 in
665 1537 786 1586 eorum
812 1539 971 1588 sermone
997 1516 1201 1601 adumbrare

68 1615 205 1690 ‚eonati
257 1611 371 1696 Quod
391 1611 420 1683 si
437 1611 517 1708 quis
535 1613 612 1689 erit,
630 1611 691 1707 qui
705 1611 835 1684 ductus
851 1612 1015 1709 opinione
1031 1616 1121 1712 vulgi
1138 1625 1200 1688 aut

66 1712 274 1788 Antonium
286 1710 505 1810 jejuniorem‚
523 1710 612 1784 8sut
624 1711 788 1782 Crassum
805 1711 994 1807 pleniorem
1013 1712 1117 1786 luisse
1140 1739 1201 1812 pu-

63 1819 140 1892 tet,
151 1814 267 1906 qu'ltm·
278 1809 455 1904 quomodo
469 1812 490 1882 t
506 1808 606 1882 nobis
634 1819 784 1902 uterque
801 1809 968 1882 inductus
980 1820 1057 1896 est3
1080 1811 1108 1884 is
1135 1812 1199 1885 erit

70 1931 123 1980 ex
139 1907 193 1988 iis,
205 1905 267 2003 qui
279 1915 339 1980 eut
352 1907 428 1989 illos
444 1907 547 1990 ⁹non
562 1905 716 1985 audierit,
729 1916 790 1978 aut
807 1905 961 2002 judioare
977 1932 1047 1980 non
1067 1909 1199 2007 possit:

71 2031 157 2083 narn
173 2005 401 2102 latenterque
418 2009 475 2096 (ut
490 2005 636 2102 exposui
660 2005 781 2096 antee)
798 2031 879 2078 cum
896 2005 1013 2078 studio
1028 2017 1132 2104 etque
1146 2009 1199 2084 in⁴

70 2103 180 2200 genio
195 2115 232 2178 et
248 2102 406 2179 doctrina
422 2112 593 2201 preestens
609 2104 783 2184 omnibus,
811 2115 889 2176 tum
913 2103 951 2176 in
980 2126 1043 2178 suo
1068 2131 1196 2202 genere

69 2202 276 2298 perfeetum
301 2212 344 2276 'ut
359 2227 475 2299 neque
493 2203 531 2276 iu
552 2200 712 2284 Antonio
729 2201 868 2276 deesset
884 2202 940 2274 hic
956 2211 1101 2276 ornatus
1123 2228 1194 2278 oru-

70 2297 193 2382 tionis,
208 2323 327 2396 neque
340 2299 378 2374 iu
394 2295 521 2374 Crasso
529 2298 755 2372 :redundaret

122 2398 175 2470 V„
188 2400 247 2475 Ut
257 2399 365 2495 igitur
376 2407 459 2472 ente
476 2396 911 2479 meridiemdisoesserunt,
929 2398 1193 2498 paullulumque

68 2495 288 2594 requierunt,
304 2497 341 2570 in
370 2496 490 2594 primis
513 2498 581 2570 hoe
610 2500 686 2569 else
710 2496 813 2570 Cotta
826 2497 1103 2572 animadversum
1119 2523 1192 2573 esse

67 2594 218 2677 dicebat,
234 2609 339 2668 omne
347 2595 439 2666 illud
453 2603 593 2691 tempus
605 2592 837 2670 meridianum
851 2597 1016 2670 Crassum
1027 2599 1065 2670 in
1076 2598 1195 2672 acerri-

61 2705 128 2766 me'
139 2702 246 2792 etque
269 2690 497 2774 attentissime
512 2691 721 2788 cogitatione
738 2695 900 2791 posuisse
910 2725 921 2781 3
957 2719 1114 2788 seseque,
1130 2697 1191 2789 qui

62 2791 210 2866 tultum
224 2791 311 2889 ejtrs,
326 2791 410 2864 clun
434 2790 467 2862 ei
480 2790 673 2872 dicendum
689 2803 794 2873 esset,
819 2795 1056 2887 obtutumque
1072 2792 1188 2864 oculo
1255 2813 1258 2822 ’

63 2913 146 2964 runr
155 2890 194 2965 in
204 2888 762 2988 cogitandoprobenossetmtque
773 2891 810 2964 in
821 2889 978 2970 maximis
992 2887 1118 2961 caussis
1130 2899 1199 2963 sm*
1303 2895 1319 2906 ''

61 3013 109 3086 pe
119 2987 269 3072 vidisset,
282 2997 358 3074 tum
368 2986 487 3062 dedite
496 2989 878 3088 opera,quiescentibus
888 2989 973 3072 aliis,
984 2988 1021 3061 in
1031 3011 1106 3064 eam
1118 2984 1192 3066 ¹ex·

25 3176 27 3186 '
105 3187 126 3242 7
141 3182 512 3264 quinebisomniastrmma
522 3182 896 3266 tritun‚]1ta1ttsticant.
908 3186 970 3244 Bul.
984 3183 1084 3240 Meed.
1096 3182 1192 3272 Wag.¹
1247 3163 1286 3228 ‘i

60 3263 152 3324 Harl.
166 3264 234 3333 duo,
248 3277 279 3323 et
291 3263 371 3322 toan.
391 3263 474 3324 etita
493 3259 637 3324 editiones
651 3267 730 3325 Verr.
751 3261 873 3326 Mediol.
896 3275 926 3322 et
946 3260 1100 3334 Lambini;
1121 3259 1188 3339 quae

59 3341 251 3418 lectiopeulo
264 3343 427 3421 elegantior
440 3354 486 3402 est
498 3344 588 3420 quem
603 3347 731 3423 vulgate,
746 3350 797 3421 qui
810 3346 886 3399 nobis
899 3360 1007 3400 summa
1016 3347 1121 3414 omnia,
1131 3355 1188 3402 etc.

106 3435 191 3484 aaut
207 3427 346 3485 Croesum
360 3427 523 3504 pleniorem
545 3425 824 3512 fuisseputet,]'1te
847 3429 917 3490 edit.
940 3431 1042 3488 Lamb.
1063 3427 1141 3485 Ven.
1156 3432 1188 3485 et

58 3506 192 3567 Mediol.
206 3506 353 3584 eliaeque:
374 3506 504 3585 itemque
519 3505 603 3567 MSti
618 3514 703 3570 Cant.
717 3511 814 3571 Me'ad.
830 3511 920 3586 Wug.
936 3511 1017 3569 Harl.
1028 3509 1094 3578 duo,
1104 3501 1288 3607 Joeqqrwf'
1335 3506 1340 3515 “

59 3589 126 3648 Bal.
146 3585 224 3645 Nor.
241 3587 315 3646 Bod.
330 3601 360 3666 et
373 3582 457 3664 Mag.
498 3587 708 3663 Vulgdfuieee
717 3596 980 3660 plenioremjzuret.
1159 3661 1177 3673 w
1229 3663 1230 3668 ἵ
1253 3661 1255 3666 Ι

103 3681 191 3738 seron
199 3675 343 3743 audieret,
356 3689 408 3732 aur
415 3672 552 3749 judicare
561 3695 618 3732 non
633 3678 725 3752 possit
734 3678 762 3756 ς]
776 3681 822 3738 Ut
831 3679 905 3736 bene
916 3696 947 3736 se
958 3677 1060 3735 hebeat
1070 3686 1187 3748 senten·
1297 3677 1300 3682 ’

55 3755 101 3816 tia
112 3764 144 3812 et
156 3754 191 3812 ad
204 3773 340 3814 normam
353 3754 464 3832 linguae
473 3755 587 3826 ¹Lutinae
594 3759 742 3831 procedet,
752 3775 873 3818 necesse
882 3755 996 3819 videtur
1005 3759 1107 3832 legere
1115 3776 1187 3816 curn
1212 3755 1224 3761 '‘

56 3833 157 3894 Msto
178 3834 260 3892 Ceut.
275 3835 421 3892 audierint
435 3847 466 3893 et
475 3837 614 3906 possint:
636 3833 706 3895 edm
725 3838 805 3896 enim
819 3839 1060 3911 precesseratu
1077 3841 1133 3894 erit
1147 3855 1186 3892 ex

57 3919 111 3982 iis,
127 3913 237 3982 quiam
253 3911 388 3981 illouritd
404 3915 538 3991 sequitur
548 3933 604 3970 nou
616 3919 769 3986 audierint,
778 3929 830 3973 aut
832 3915 969 3985 judicare
983 3937 1042 3984 non
1047 3924 1183 3987 possim:

53 3988 162 4052 Facile
178 3987 245 4048 fieri
260 3991 363 4066 potuit,
375 4005 409 4054 ut
420 3993 536 4064 literae
554 3993 695 4062 Librariis
707 3995 903 4066 omitteretur,
927 3994 997 4056 edm
1014 3989 1185 4055 lineatrevi

54 4087 153 4148 supra
165 4071 299 4138 vocalem
313 4069 397 4132 ducta
404 4072 539 4149 exprimi
549 4077 665 4134 soleret.

104 4164 116 4214 1
131 4155 315 4236 exhedram]
337 4157 356 4216 i.
366 4179 392 4219 e.
411 4162 512 4219 locum
530 4160 658 4220 triclinio
676 4172 708 4222 et
721 4165 870 4224 caenacule
893 4163 1042 4234 similem·
1060 4155 1183 4220 utinen

53 4239 132 4300 lecti
157 4239 193 4296 ed
216 4239 436 4311 dormiendum,
451 4241 503 4298 sed
518 4241 605 4298 sedes
616 4253 667 4300 eut
689 4241 836 4314 cathedrae
851 4245 887 4304 ad
901 4246 990 4304 sedon
1064 4236 1184 4314 ,reteq-

53 4319 264 4378 cumbendum
278 4315 330 4376 otii
344 4317 448 4378 caused
458 4333 679 4397 apponerentur.
723 4321 771 4380 De
785 4329 923 4382 exhedris
938 4319 981 4378 sic
990 4313 1182 4388 Vitruvius-u.

58 4406 106 4454 ll.
132 4426 134 4432 ·
155 4398 377 4460 Constituantur
400 4403 434 4456 r'n
448 4403 541 4456 tribue
550 4403 715 4469 porticibus
732 4404 871 4463 exhedrae
892 4403 1031 4470 spatiosa,
1049 4397 1186 4456 habentes
1272 4440 1275 4447 ·

52 4477 154 4544 sedes,
170 4478 201 4531 in
211 4481 315 4547 *quihus
330 4479 509 4553 Philosophi,
523 4483 676 4552 doctores,
690 4485 858 4556 reliquique,
873 4483 922 4551 qui
931 4478 1188 4559 studiiedeltttaenj

56 4573 123 4626 rur,
140 4558 380 4628 eederesroesiut.
490 4563 497 4582 ”
581 4647 583 4652 Ι
607 4637 634 4694 E

649 4660 666 4698 e
