2830 5014
236 359 288 422 182
673 353 752 415 'DE
770 351 973 416 ORATORE

230 531 303 583 non
314 503 470 601 fugiendi
480 502 602 582 hostis,
623 501 1054 600 oedespieediloeioamss
1063 503 1338 584 desumendum:

231 605 393 679 Alterum
403 614 460 675 est
477 602 576 683 illud,
591 602 688 698 quod
695 626 765 700 ego
781 601 905 674 oratori
928 601 1075 676 niaxime
1099 604 1290 684 cavendum
1305 615 1341 688 et

230 701 482 800 providendum
496 710 593 797 puto,
618 700 783 795 quodque
802 723 859 772 me
875 698 1060 774 sollieitare
1081 704 1218 778 summe
1234 704 1341 784 solet;

227 799 583 898 nontam‚utprosim
596 797 909 877 caussiselaborare
918 795 1025 875 soleo,
1037 799 1144 892 quem
1156 813 1196 874 ut
1208 799 1340 897 nequid

229 897 363 972 obsim:
394 921 469 970 non
491 899 579 994 quin
596 896 801 968 enitendum
825 894 871 966 sit
898 895 936 968 in
952 903 1124 991 utroque3
1148 899 1211 971 sed
1228 910 1341 976 tamen

227 995 340 1068 multo
353 993 409 1069 est
420 999 556 1094 turpius
566 993 862 1070 oratorinoouisse
874 992 982 1068 videri
993 1017 1136 1077 oaussoe,
1153 1001 1260 1092 quim
1270 1021 1342 1074 non

225 1094 408 1190 profuisse.
701 1125 704 1132 ¹

233 1251 234 1256 ,
276 1191 441 1264 LXXlll.
467 1191 536 1262 Sed
552 1192 637 1286 quid
650 1191 718 1263 boo
742 1193 821 1264 loco
835 1217 896 1266 vos
920 1194 1103 1272 intervos,
1118 1190 1273 1268 Catule?
1299 1217 1345 1268 an

227 1289 318 1371 baeo,
330 1299 372 1362 ut
389 1288 753 1366 suntoontemnenda‚
766 1289 1019 1362 contemnitis?
1044 1292 1205 1374 Minime,
1217 1291 1344 1388 inquit,

228 1387 309 1472 ille;
333 1388 395 1459 sod
409 1383 530 1458 Ceasar
552 1386 595 1457 ‹le
619 1386 689 1457 isto
705 1384 781 1481 ipso
798 1385 961 1482 quiddam
978 1389 1066 1460 valle
1082 1390 1198 1462 dioere
1214 1389 1345 1464 videba-

228 1493 298 1559 tur.
319 1485 322 1490 ’
347 1485 411 1556 Me
423 1480 504 1556 verb
518 1484 671 1564 lubente,
694 1483 822 1580 inquit,
838 1482 1029 1563 Antonine,
1045 1485 1182 1565 dixerit,
1205 1486 1278 1558 sive
1295 1509 1345 1558 ro

228 1582 373 1655 fellendi
392 1605 511 1654 caussa
526 1581 597 1654 sive
614 1581 807 1678 quaerendi.
857 1581 953 1654 Tum
971 1582 1094 1663 Julius,
1117 1583 1195 1678 Ego
1216 1585 1349 1658 mebor-

228 1681 319 1764 oule‚
335 1679 462 1778 inquit,
476 1679 627 1760 Antoni,
652 1703 787 1777 sempor
797 1679 827 1750 is
847 1678 983 1774 iniqui
1010 1680 1054 1754 de
1082 1689 1118 1754 te
1140 1697 1276 1755 oratore
1293 1680 1349 1753 sic

227 1778 467 1878 praedioarem,
478 1801 587 1852 unum
599 1788 636 1850 te
645 1776 683 1850 in
695 1777 844 1850 dicendo
853 1778 938 1848 mibi
952 1777 1084 1850 6videri
1098 1777 1330 1856 tectissimum
1337 1805 1347 1864 ;
1395 1805 1396 1848 1

228 1877 475 1974 propriumque
487 1877 553 1950 boc
571 1901 645 1950 esse
662 1875 775 1948 laudis
800 1885 887 1952 tute,
904 1873 989 1946 nibil
1005 1872 1027 1946 d
1042 1883 1080 1946 te
1092 1895 1256 1970 umqturn
1274 1899 1346 1951 ente
1395 1887 1396 1968 l

227 1972 374 2053 dictum,
392 1975 487 2066 quod
503 1976 642 2046 obesset
664 1973 708 2052 ei,
725 1997 788 2068 pro
809 1997 883 2066 quo
897 1971 1042 2044 diceres.
1093 1973 1205 2068 idque
1220 1997 1345 2051 memo
1395 1973 1396 2066 l

227 2068 508 2148 rutenensem
519 2064 601 2140 mibi
618 2093 732 2140 sermo
743 2091 825 2140 oum
841 2069 908 2140 boo
918 2069 992 2166 ipso
1003 2069 1142 2150 Crasso,
1157 2070 1275 2146 multis
1291 2095 1346 2145 au·
1395 2085 1396 2150 l

227 2165 418 2246 dentibus,
430 2177 521 2241 esset
533 2166 576 2239 de
593 2175 629 2238 te
648 2165 845 2248 institutus,
866 2165 1084 2264 Crassusque
1106 2167 1264 2265 plurimis
1275 2193 1345 2243 ver·
1395 2159 1396 2216 l

227 2266 282 2338 bis
298 2265 536 2364 eloquentiam
560 2264 719 2338 laudaret
732 2273 844 2346 tuam,
863 2263 990 2338 dixisse
1005 2290 1074 2343 me,
1100 2289 1182 2340 crim
1210 2267 1344 2342 onereris

226 2364 298 2438 tuis
325 2363 481 2436 laudibus
498 2364 587 2436 buno
615 2385 691 2434 esse
710 2363 763 2433 vel
780 2361 977 2443 maximnm,
997 2361 1104 2459 qubd
1133 2389 1207 2458 non
1220 2365 1343 2444 solun,

228 2461 325 2556 quod
341 2483 428 2555 opus
444 2469 548 2538 esset,
565 2458 711 2535 diceres,
722 2458 786 2530 sed
799 2458 915 2538 etiam,
932 2459 1027 2554 quod
1047 2483 1121 2533 non
1139 2486 1226 2560 opus
1242 2471 1341 2542 esset,

214 2581 302 2646 onon
318 2555 473 2628 diceres:
509 2563 585 2628 turn
601 2553 699 2626 illum
715 2554 799 2628 mihi
816 2557 1027 2653 respondere
1042 2560 1198 2644 memini,
1219 2572 1343 2641 caetere

227 2656 267 2740 in
279 2665 314 2728 te
326 2654 459 2726 somme
474 2676 550 2726 esse
561 2652 741 2734 laudanda,
770 2653 856 2726 illud
873 2653 954 2726 verb
972 2655 1118 2754 improbi
1146 2682 1223 2732 esse
1239 2657 1342 2737 homi-

226 2753 283 2828 nis
295 2761 331 2825 et
348 2751 535 2849 perfidiosi·
547 2752 660 2825 dicere
675 2751 772 2849 quod
786 2749 939 2828 alienum
956 2766 1062 2836 esset,
1078 2764 1116 2830 st
1139 2769 1289 2832 nooeret
1303 2756 1341 2840 ei,
1394 2749 1395 2788 r

225 2846 247 2905 ⁷
257 2875 321 2949 pro
333 2851 496 2950 quoquis
512 2851 662 2924 diceret:
688 2875 792 2947 quare
820 2875 894 2923 non
907 2851 970 2923 sibi
982 2877 1063 2925 eum
1086 2855 1269 2938 disertum,
1286 2855 1342 2954 qui

227 2951 264 3023 id
279 2949 645 3036 nonfaceret‚videri;
669 2951 731 3022 sed
743 2947 947 3045 improbum,
961 2948 1020 3046 qui
1033 2949 1172 3022 faceret.
1220 2954 1260 3025 N
1262 2979 1342 3039 uno,
1394 3003 1395 3016 ,

227 3049 256 3122 si
273 3048 334 3122 tibi
351 3047 496 3129 videtur,
512 3048 659 3129 Antoni,
678 3048 908 3128 demonstres,
936 3046 1052 3126 velim,
1078 3071 1189 3144 qnare
1206 3057 1248 3124 tu
1279 3053 1341 3128 boc

268 3174 285 3224 6
300 3164 413 3242 Vulgo,
428 3167 717 3240 uiderirecliqeimumq
725 3163 755 3243 3]
776 3164 858 3246 Mstt
868 3165 940 3244 Bod.
956 3165 1017 3246 littl-
1032 3167 1110 3226 Nor.
1125 3179 1157 3226 et
1168 3168 1184 3224 *a
1197 3183 1268 3244 nup.
1284 3189 1341 3232 ma·

227 3263 269 3304 nu
284 3244 368 3302 Nori.
381 3245 522 3304 exhibent
536 3249 721 3304 te'ctr‘erimum
735 3266 744 3303 ε
766 3244 886 3322 (quibus
901 3249 1046 3306 accedunt
1059 3246 1162 3306 Lamb.
1179 3247 1260 3308 Mun.
1272 3252 1338 3310 Asc.

227 3337 259 3385 et
283 3324 320 3382 R.
332 3324 529 3401 Stephanum:
550 3321 658 3401 reliqui
670 3325 733 3384 sere
748 3324 832 3383 Mori
845 3338 877 3384 et
889 3325 1034 3389 editiones
1046 3331 1229 3388 lerdaoimum
1240 3352 1253 3394 ‚·
1278 3346 1337 3408 que

228 3424 286 3462 vox
300 3402 421 3478 propius
434 3406 471 3462 od
485 3421 585 3460 veram
599 3404 755 3462 lectionem
771 3405 1071 3484 tectissimumquim
1085 3409 1210 3482 vulgata,
1221 3408 1336 3468 accedit·

228 3483 308 3556 Quid
317 3481 397 3542 enim
406 3480 549 3557 significat
561 3483 779 3540 rectissimum?
799 3475 825 3540 si
840 3484 983 3562 significat
993 3486 1061 3544 vitio
1074 3499 1105 3550 et
1113 3488 1176 3545 labe
1187 3482 1337 3554 carentem,

131 3560 139 3576 ⁶
229 3583 264 3622 ee
276 3581 333 3620 vox
357 3579 413 3619 non
425 3559 495 3619 satia
506 3557 649 3633 exprimit
665 3561 704 3627 id,
718 3565 796 3638 quod
815 3566 945 3624 Antonio
958 3566 1098 3626 hic-laudi
1111 3569 1203 3637 datur,
1229 3567 1337 3634 scilicet

229 3641 397 3699 contionem
409 3641 439 3701 in
452 3638 563 3702 caussis
578 3657 587 3694 r
608 3641 783 3718 Numquam
796 3681 799 3689 ,
810 3644 893 3704 enim
906 3643 1053 3704 Antonius
1075 3645 1122 3722 (nt
1142 3665 1213 3710 mox
1221 3644 1337 3720 dicitur)

228 3721 267 3778 ob
280 3718 381 3789 fuitei,
400 3739 454 3796 pro
467 3740 525 3798 quo
538 3718 630 3790 dixit3
646 3739 766 3796 semper
778 3721 871 3800 igitur
887 3723 943 3784 fuit
956 3737 1049 3784 rectus
1062 3737 1093 3784 et
1106 3725 1252 3790 defensus.
1292 3723 1335 3782 Sic

228 3798 260 3858 in
272 3795 314 3856 iii.
326 3803 353 3852 9.
364 3799 470 3874 dieitur
480 3817 574 3877 genus
585 3799 701 3859 dicendi
714 3802 935 3864 Antoniifuisse
943 3808 1157 3876 premunitum,
1176 3820 1205 3864 er
1215 3826 1255 3872 rx
1269 3804 1336 3860 omn!

223 3889 315 3951 parte
336 3897 442 3934 caum
459 3889 592 3948 septum:
612 3883 668 3940 hoc
682 3892 736 3950 est,
749 3894 865 3953 tectum,
892 3881 941 3942 cui
961 3882 1117 3959 opponitur
1130 3904 1187 3944 vox
1201 3895 1334 3956 apertura

228 3957 298 4024 lmb
311 3955 419 4017 Cicero
433 3957 462 4016 in
473 3960 527 4016 Or.
543 3978 602 4020 sec.
617 3959 723 4036 Philip.
738 3981 764 4020 c.
779 3969 827 4021 43,
842 3975 943 4020 eontra
951 3963 1123 4034 Antonium,
1137 3965 1227 4044 hujus
1248 3961 1335 4036 ipsius
1393 3959 1394 3966 ’

228 4038 285 4100 uiri
308 4049 458 4113 nepotem,
479 4037 623 4112 invectus,
644 4039 715 4099 dicit
727 4059 798 4100 eum
811 4060 870 4100 non
891 4040 1038 4107 imitatum
1056 4062 1121 4102 esse
1135 4063 1224 4107 suurn
1245 4057 1335 4100 avum.

228 4121 463 4178 Disertirar'mum
473 4125 594 4191 cognovi
604 4141 691 4180 auum
705 4135 808 4189 tuum:
828 4135 858 4190 qt
874 4135 902 4178 te
922 4123 1005 4180 eriam
1017 4123 1191 4198 apertiorem
1204 4127 1235 4180 in
1248 4125 1335 4180 dicen·

229 4204 273 4256 do.
315 4201 369 4258 Ille
397 4217 538 4274 nunquam
552 4205 735 4259 concinnatae
750 4213 791 4260 ert
815 4203 934 4264 nudus:
958 4212 1036 4262 terunt
1065 4205 1181 4264 hominia
1208 4199 1335 4270 sinrsuicit

224 4288 330 4348 pectus
351 4281 477 4337 vidimus
492 4277 553 4340 Ubi
566 4277 724 4338 manifeste
740 4279 834 4352 innuit
848 4275 1009 4352 Antonium
1025 4300 1113 4342 avum
1126 4295 1226 4342 tectum
1239 4277 1334 4344 fuisso

229 4354 300 4414 crim
311 4357 382 4416 dicit
394 4372 532 4436 nepotem
545 4367 674 4430 apertum
684 4358 786 4420 fuisse.

271 4439 352 4503 ⁷l²r⁰
376 4457 430 4508 qao
445 4440 511 4516 quis
525 4435 672 4517 discrete]
696 4442 741 4504 lte
767 4439 938 4510 Lambinus,
964 4450 994 4502 et
1015 4437 1097 4504 nisti
1125 4443 1202 4510 Nou
1210 4449 1254 4532 pp
1267 4433 1335 4504 llud·

231 4512 346 4591 Vulgb‚
353 4524 411 4585 ltro
425 4539 481 4592 quo
492 4523 610 4602 quisque
624 4519 848 4594 diseret2mi11us
861 4517 949 4620 recti,
1392 4583 1393 4636 p
