2882 5012
236 345 292 398 282
663 339 721 398 BE
741 337 945 401 onn'ronss

241 485 381 584 species,
407 508 453 556 ne
465 491 525 558 aut
541 483 754 582 udineptias,
777 483 892 557 autad
908 482 1111 578 pravitatem
1127 481 1275 577 aliquam
1290 485 1357 556 de·

129 639 132 644 .
238 585 403 656 feramur:
428 581 519 655 oculi
532 591 629 664 sunt,
653 589 890 680 quorumtum
908 581 1116 662 intentione,
1141 589 1216 654 tum
1234 582 1355 652 remis-

238 682 346 759 sione,
372 689 445 752 tum
469 682 640 777 conjectu,
665 693 741 754 tum
757 679 924 752 hilaritate
941 689 1059 750 motus
1075 677 1269 750 animorum
1286 679 1353 776 sig·

238 777 421 850 nificemus
438 778 521 876 apte
535 801 616 851 oum
629 803 757 876 genere
771 777 851 873 'ipso
868 776 1052 848 orationis:
1077 786 1132 869 est
1148 776 1242 850 enim
1257 775 1354 850 actio

239 879 338 971 quasi
354 899 467 946 sermo
481 875 648 971 corporis;
673 897 744 971 quo
756 875 864 970 magis
875 873 984 946 menti
995 897 1197 970 congruens
1206 899 1285 947 esse
1296 874 1356 944 de-

238 973 307 1044 bet.
358 974 490 1046 Oculos
507 982 623 1045 autern
640 985 763 1046 natura
779 972 890 1054 nobis,
915 982 956 1048 ut
976 995 1069 1068 equo
1084 981 1121 1042 et
1136 970 1230 1044 leoni
1249 981 1356 1052 setas,

237 1069 383 1142 caudam
399 1094 511 1150 aures,
535 1070 579 1142 ad
606 1079 723 1146 motus
752 1071 947 1142 animorum
973 1069 1199 1142 declarandos
1226 1069 1356 1142 dedit:

237 1191 342 1261 quare
359 1168 396 1239 in
414 1169 475 1237 hau
491 1178 609 1241 nostra
625 1169 760 1242 actione
773 1167 966 1240 seoundlun
978 1191 1098 1240 rocem
1113 1168 1234 1240 vultus
1248 1168 1360 1252 valen

235 1265 265 1338 is
281 1270 394 1338 autern
418 1263 528 1335 oculis
544 1267 765 1358 gubernatur.
815 1265 934 1360 Atque
959 1264 1052 1336 iniis
1068 1264 1241 1346 omnibus,
1265 1287 1358 1361 quae
1396 1306 1398 1314 ¹

238 1371 321 1435 sunt
346 1360 502 1438 actionis,
527 1359 620 1430 inest
646 1361 809 1456 quaedam
836 1362 885 1430 vis
919 1365 940 1431 i
968 1370 1091 1432 natura
1122 1361 1219 1434 data:
1245 1387 1361 1458 quare

238 1459 343 1531 etiam
368 1458 431 1529 huo
447 1457 608 1552 imperiti,
633 1457 697 1530 huo
713 1457 846 1550 uulgus,
868 1455 932 1532 hau
946 1456 1100 1550 denique
1118 1460 1247 1552 parbari
1259 1483 1362 1532 max·

237 1557 306 1630 ime
334 1566 621 1630 commoventur:
657 1557 759 1626 verba
784 1554 878 1624 eninr
898 1553 1076 1626 neminem
1103 1564 1257 1635 movent,
1284 1557 1363 1628 nisi

238 1678 329 1735 eum,
356 1653 415 1746 qui
433 1652 588 1748 ejusdem
608 1651 739 1749 linguae
757 1651 923 1724 societate
949 1650 1159 1746 conjunctus
1172 1661 1249 1735 est3
1273 1676 1365 1724 sen·

237 1751 430 1845 tantisque
452 1771 547 1846 saepe
573 1760 689 1822 aoutae
716 1775 789 1822 non
817 1757 999 1822 acutorum
1028 1748 1204 1820 hominum
1225 1765 1365 1822 sensus

236 1849 502 1946 praetervolant:
523 1849 628 1928 ectio,
641 1871 723 1944 quae
736 1870 808 1960 prae
821 1871 860 1918 se
871 1854 1003 1918 motum
1014 1845 1121 1916 animi
1132 1846 1212 1924 fert,
1228 1870 1362 1918 omnes

236 1956 351 2020 movet
367 1971 377 2030 ;
399 1946 525 2018 iisdem
541 1945 636 2024 eninr
649 1969 805 2018 omnium
821 1943 928 2028 animi
945 1942 1098 2016 motibus
1114 1943 1360 2026 concitantur3

234 2051 272 2116 et
281 2067 342 2116 eos
351 2042 472 2114 iisdem
487 2044 576 2117 notis
589 2043 669 2118 etio
679 2043 753 2116 aliis
761 2051 971 2137 agnoscunt,
978 2039 1060 2112 etin
1071 2040 1177 2136 seipsi
1188 2040 1358 2113 indioant.

285 2140 360 2214 Lx:
388 2139 445 2212 Ad
461 2139 607 2230 actionis
624 2150 738 2214 autem
755 2163 858 2212 usum
874 2147 978 2234 atque
996 2137 1147 2218 laudem,
1170 2138 1356 2212 maximum

236 2239 312 2314 sine
329 2239 434 2312 dubio
451 2247 667 2335 partem-vox
679 2237 835 2322 ubtinet;
860 2257 942 2334 quae
960 2233 1108 2332 primitur
1124 2244 1180 2308 est
1203 2237 1357 2334 optanda

235 2339 364 2422 nobis:
387 2337 771 2432 deinde‚quaeoumque
787 2335 865 2415 erit,
888 2359 928 2406 ea
946 2332 1097 2406 tuenda:
1122 2334 1166 2408 de
1181 2357 1256 2432 quo
1267 2333 1357 2414 illud

229 2437 302 2528 jam
318 2433 402 2504 nibil
418 2433 462 2504 ad
477 2433 543 2504 hoo
556 2432 782 2528 praeoipiendi
798 2455 922 2522 genus,
938 2431 1262 2524 quemadmodum9
1278 2432 1357 2504 voci

234 2528 429 2608 sarmatum
453 2525 615 2620 equidem
631 2549 841 2620 magnopere
856 2547 986 2602 oeuseo
1006 2525 1235 2602 seruiendum.
1281 2529 1356 2605 Sed

232 2625 319 2696 illud
335 2621 470 2694 videtur
480 2621 522 2692 ab
534 2619 637 2715 hujus
651 2621 761 2695 nostri
773 2622 943 2694 sermonis
952 2623 1067 2698 ollioio
1077 2649 1151 2698 non
1164 2629 1357 2706 abhorrere,

232 2719 345 2820 quod,
371 2729 412 2794 ut
426 2715 712 2816 dixipauloante,
737 2718 891 2816 plurimis
901 2718 938 2792 in
954 2721 1066 2802 rebus,
1092 2723 1186 2817 quod
1203 2725 1355 2797 maxima

233 2833 289 2894 est
315 2819 412 2900 utile,
443 2816 491 2898 id,
524 2817 644 2892 neseio
675 2841 747 2914 quo
774 2829 886 2914 puoto,
913 2817 1018 2890 etiam
1053 2817 1157 2891 decet
1181 2822 1357 2894 maxime:

238 2920 346 2992 lnam
362 2918 402 2988 ad
421 2939 543 2988 rocem
559 2915 783 2989 obtinendam
800 2915 886 2986 nihil
913 2926 968 2988 est
994 2916 1120 2995 utilius,
1143 2919 1254 3011 quim
1281 2946 1357 2992 cre-

235 3021 295 3092 bra
322 3013 496 3100 mutati03
532 3011 618 3086 nihil
650 3013 888 3110 perniciosius,
911 3017 1018 3108 quarn
1050 3012 1158 3084 effusa
1188 3014 1266 3086 sine
1302 3019 1357 3089 in·

233 3113 450 3189 termissione
461 3109 659 3184 eontentio.
710 3110 831 3194 Quid?
845 3111 888 3182 ad
900 3136 1000 3184 aures
1014 3119 1148 3184 nostras
1161 3118 1196 3182 et
1205 3112 1356 3188 aetionis

233 3213 432 3296 suavitatem
462 3209 612 3304 quidest
631 3206 866 3283 vicissitudine
891 3219 928 3282 et
959 3209 1115 3303 varietate
1137 3220 1175 3282 et
1198 3235 1355 3286 eommu-

273 3344 290 3394 9
305 3341 370 3393 voci
379 3339 533 3394 serviatur
545 3335 577 3410 t]
599 3333 678 3392 Vide
693 3353 736 3401 ea,
751 3351 817 3410 quae
827 3333 964 3394 dicuntur
977 3335 1007 3394 in
1016 3334 1035 3392 i.
1052 3345 1099 3404 59.

278 3424 289 3472 1
303 3435 368 3472 num
387 3419 427 3472 ud
443 3433 539 3470 uocem
558 3410 760 3490 obtinendam]
782 3413 948 3488 Corruptus
971 3419 1075 3488 procul
1090 3413 1177 3472 dubio
1191 3416 1274 3472 locus
1287 3426 1350 3474 est:

232 3499 321 3574 paulo
333 3496 487 3553 animante
498 3493 612 3549 dixerat
626 3494 752 3549 Crassus
768 3511 799 3548 se
813 3495 890 3572 nolle
906 3491 955 3553 hic
965 3506 1114 3568 praecepta
1127 3495 1206 3564 dare,
1221 3498 1351 3564 quemad-

232 3581 344 3633 modum
359 3581 424 3632 uoci
434 3574 592 3640 serviatur,
606 3569 624 3626 i.
639 3589 665 3626 e.
680 3589 740 3646 quo
754 3573 840 3627 modo
852 3592 915 3628 vox
930 3575 1089 3628 obtineatur
1105 3571 1166 3630 sive
1183 3573 1290 3630 melior
1303 3573 1351 3630 fiat

232 3671 290 3712 usu
301 3668 330 3711 et
344 3649 562 3711 exercitatione.
604 3650 680 3706 lllud
691 3652 787 3707 solum
800 3648 852 3708 hle
866 3663 953 3718 notat,
968 3651 1056 3726 quim
1069 3651 1108 3718 id,
1123 3654 1202 3727 quod
1215 3651 1350 3719 maximi,
1422 3647 1423 3656 ’

232 3737 304 3788 urile
315 3746 359 3786 ear
379 3738 465 3789 etiam
478 3735 561 3788 decet
575 3727 702 3787 maxime*
710 3751 721 3785 ,·
742 3741 774 3786 ut
788 3731 843 3788 hoc
858 3732 894 3788 de
906 3750 977 3788 voce
990 3749 1094 3788 verum
1108 3749 1175 3790 esse
1184 3733 1295 3805 probet,
1309 3730 1349 3786 di·

233 3811 273 3871 cit
285 3807 359 3866 nihil
373 3814 474 3866 crebra
496 3809 656 3870 mutatione
682 3808 792 3875 utilius,
810 3807 883 3865 nihil
902 3827 959 3868 non
978 3808 1149 3866 intermissa
1167 3807 1349 3868 contentione

232 3887 425 3968 perniciosius
438 3892 476 3942 ud
489 3910 595 3957 vocem,
613 3902 671 3946 etc.
687 3888 776 3964 quid?
797 3887 876 3944 certi
903 3907 960 3946 non
984 3893 1187 3946 obtinendum:
1208 3889 1244 3944 tle
1259 3907 1294 3944 eo
1308 3887 1347 3950 ni-

231 3971 275 4030 hil
300 3965 348 4025 hlc
364 3966 495 4024 dicturus
516 3967 590 4026 suit:
613 3970 696 4025 Tum
710 3967 787 4025 addit
800 3965 870 4023 nihil
886 3969 1022 4024 varietate
1037 3969 1155 4026 auribus
1168 3967 1275 4024 nostris
1286 3985 1348 4023 sua-

233 4049 298 4108 vius
313 4047 467 4122 aptiusque
478 4065 552 4104 esse.
595 4050 710 4104 Omnes
721 4045 782 4105 lere
797 4057 857 4102 vet.
871 4045 1012 4104 editiones
1025 4058 1055 4102 et
1069 4047 1199 4105 nonnulli
1208 4044 1291 4104 Msti
1301 4049 1349 4102 ha·

232 4132 456 4186 bentaduorem
469 4124 636 4184 indicendo
651 4128 828 4182 obtinendum
843 4143 853 4179 .·
873 4127 950 4182 unde
966 4124 1126 4184 Lambinus
1136 4129 1210 4184 bene
1224 4123 1348 4202 conjecit
1422 4169 1423 4176 ,

232 4209 404 4283 legendum,
416 4208 454 4260 ad
468 4224 565 4278 vocam
576 4210 606 4260 in
617 4209 734 4260 dicendo
745 4207 895 4263 tuendam.
938 4203 987 4261 Sic
998 4205 1026 4260 in
1037 4204 1119 4263 initio
1133 4203 1222 4281 hujus
1239 4221 1302 4278 sap.
1312 4205 1347 4260 da
1422 4265 1423 4272 χ

232 4303 303 4343 voce
318 4289 443 4344 Crassus
457 4284 538 4350 dicit,
566 4303 746 4354 quacunraue
761 4288 829 4351 erin*
847 4305 880 4340 aa
893 4286 999 4341 tuenda
1014 4305 1022 4338 r
1045 4297 1074 4343 et
1085 4285 1114 4342 in
1129 4295 1271 4358 sequente
1287 4299 1345 4356 cap·

233 4361 302 4418 ciam
317 4363 479 4422 doctrinam
495 4385 577 4423 suam
594 4366 630 4420 de
645 4381 716 4420 voce
735 4362 863 4421 breviter
882 4363 998 4436 repetit,
1026 4361 1067 4422 sic
1092 4361 1260 4430 concludit:
1284 4364 1346 4418 Hac
1422 4407 1423 4434 3

232 4447 372 4506 varietus,
387 4455 412 4496 et
433 4449 477 4499 tric
494 4455 552 4512 lter
567 4449 740 4508 omneraono
753 4445 832 4501 vocis
843 4463 948 4500 cursus
961 4457 991 4500 et
1009 4463 1040 4500 se
1065 4440 1192 4503 tuebitur
1205 4453 1291 4500 etact
1301 4439 1343 4498 uni
1422 4441 1423 4472 ³

230 4523 522 4591 afferetsuuuiratem.
911 4543 915 4550 ·
