2808 5020
237 367 291 422 ru
661 359 964 455 uuouurcrn
1055 350 1093 448 ff

225 511 274 586 ¹in
285 529 407 586 caussa
422 505 630 605 M’Aquiuii,
652 507 694 584 C.
711 534 781 608 que
793 508 964 592 Norbani,
986 504 1236 606 nonnullisque
1250 507 1340 590 eliis,

229 607 330 706 quasi
346 606 512 705 praeclarc
530 619 620 692 acta,
636 607 821 695 laudarem
845 631 926 706 quae
942 607 1139 684 mehercule
1155 632 1232 704 ego,
1242 609 1337 684 Cras

231 731 282 787 se,
306 705 387 780 edm
409 709 483 780 ste
511 715 705 784 tractantur
728 705 919 787 incaussis,
945 705 1084 786 horrere
1099 705 1211 780 soleo:
1236 713 1340 782 tanta

225 805 281 883 ,vis
296 804 412 886 animi,
424 813 548 878 tantus
557 804 719 902 impetur,
730 813 848 878 tantus
862 802 959 878 dolor
975 803 1095 884 oculis,
1105 804 1216 886 vidtu,
1225 812 1337 902 gestu,

231 903 341 1000 digito
360 903 513 1000 denique
528 902 597 976 isto
620 912 682 976 tuo
709 900 892 998 significari
916 900 1025 975 solet:
1049 909 1192 976 tanturn
1209 915 1265 978 est
1281 900 1341 980 flu·

224 1027 312 1076 rnen
336 1002 609 1098 gravissimorum
635 999 914 1101 optimorumque
942 999 1133 1086 verborum,
1157 1007 1233 1074 tam
1258 1000 1343 1082 inte,

222 1122 301 1270 -jgrae
319 1101 515 1181 sententiae,
544 1109 619 1174 tam
632 1123 736 1182 verae,
763 1110 833 1174 tum
849 1121 963 1181 noum,
978 1108 1049 1174 tam
1065 1098 1140 1172 sine
1156 1095 1343 1196 pigmentis

243 1221 379 1294 ucoque
393 1197 527 1295 puerili,
552 1208 595 1270 ut
611 1197 695 1270 mihi
708 1222 784 1272 non
799 1199 914 1272 solum
927 1209 967 1270 tu
979 1196 1165 1272 incendere
1174 1195 1346 1292 judicem,

223 1295 291 1368 sed
306 1296 378 1392 ipse
388 1293 507 1368 ardere
517 1293 675 1371 videaris.
724 1295 852 1390 Neque
868 1296 944 1370 fieri
963 1304 1090 1390 potest,
1117 1303 1158 1365 ut
1173 1293 1344 1380 doleatis,

224 1392 289 1492 qui
303 1392 410 1474 audit,
426 1400 465 1466 ut
479 1391 600 1475 oderit,
618 1401 660 1464 ut
672 1389 834 1472 invideat,
851 1403 893 1466 ut
909 1391 1131 1488 pertimescat
1139 1391 1289 1489 aliquid,
1306 1398 1344 1463 ut

227 1491 272 1564 ad
287 1493 409 1566 fletum
431 1488 767 1586 misericordiamque
785 1489 986 1570 deducatur,
1010 1487 1079 1561 nisi
1095 1513 1217 1562 omnes
1233 1489 1345 1574 iimo

229 1599 301 1671 tus,
326 1614 415 1686 quos
431 1598 544 1662 orator
565 1587 728 1662 adhibere
743 1588 836 1666 volet
847 1585 969 1684 judici,
993 1585 1031 1660 in
1047 1586 1127 1684 ipso,
1139 1597 1271 1667 oratore
1284 1586 1348 1667 inr-

228 1687 336 1786 pressi
362 1695 559 1783 essentque
585 1684 694 1760 inusti
711 1685 932 1764 videbuntur.
967 1681 1096 1768 ,Quod
1118 1685 1146 1757 si
1167 1682 1351 1768 fiotusali-

229 1785 309 1882 quis
325 1785 427 1860 dolor
439 1782 687 1884 suscipiendus,
693 1792 799 1865 esset,
809 1793 847 1856 et
863 1784 892 1856 si
907 1783 946 1857 in
957 1781 1124 1878 ejusmodi
1137 1807 1263 1878 genere
1273 1803 1349 1866 ora·

227 1883 335 1960 tionis
351 1883 438 1960 nihil
454 1893 558 1968 esser,
575 1881 642 1959 nisi
657 1882 786 1962 falsum
803 1889 912 1978 atque
928 1879 1121 1965 imitatione
1138 1879 1345 1962 simulatum,

223 1981 332 2076 major
345 2005 400 2053 ars
414 1980 526 2076 aliqua
541 1979 686 2054 forsitan
700 1989 794 2054 esset
806 1979 1032 2076 requirendo:
1056 2000 1157 2058 nunc
1171 2001 1248 2074 ego,
1261 1975 1345 2072 quid

229 2077 455 2160 chiemsee,
479 2076 564 2172 quid
580 2074 718 2151 creeris
739 2075 885 2156 accidat,
910 2073 1054 2158 nescim
1078 2073 1196 2149 deme
1214 2076 1344 2156 autem,

227 2200 353 2253 caussa
370 2175 470 2251 nulla
493 2183 558 2254 est,
583 2195 646 2247 cur
661 2171 753 2270 apud
769 2173 928 2258 homines
938 2170 1225 2268 prudentissimos
1239 2183 1344 2270 atquc

224 2273 451 2352 amicissimos
466 2270 628 2348 mentiar.
677 2271 765 2345 Non
789 2271 991 2352 mehercule
1007 2293 1174 2365 umquam
1190 2273 1287 2370 apud
1299 2270 1346 2367 ju·

229 2375 324 2448 dices
336 2381 400 2446 aut
412 2371 578 2450 dolorem,
589 2379 649 2443 aut
659 2368 939 2450 misericordiam,
949 2376 1009 2440 sut
1019 2367 1197 2450 invidiam,
1206 2379 1266 2444 aut
1279 2368 1345 2442 odi-

227 2496 289 2550 um
303 2469 456 2543 circitare
469 2467 619 2540 diceudo
635 2464 739 2552 volui,
748 2465 837 2562 quin
852 2466 925 2562 ipse
940 2465 978 2543 in
990 2467 1247 2542 commovendis
1253 2466 1345 2564 judi·

224 2566 333 2648 cibus,
345 2565 387 2637 iis
399 2564 485 2662 ipsis
500 2561 672 2642 sensibus,
684 2560 728 2635 ad
738 2585 827 2660 quos
844 2561 922 2635 illos
937 2563 1112 2638 adducere
1123 2566 1260 2646 vellem,
1276 2588 1345 2664 per·

225 2683 392 2764 moverer.
417 2660 543 2759 Neque
553 2658 652 2738 enirn,
659 2659 759 2736 facile
777 2669 831 2733 est
846 2665 1023 2758 perficere,
1044 2662 1344 2743 ⁹utirescaturei,

228 2760 342 2836 cuitu
358 2759 455 2840 velis,
466 2759 585 2856 judex,
598 2758 625 2832 si
638 2766 677 2830 tu
691 2757 764 2858 ipse
777 2758 813 2831 id
824 2759 920 2833 lente
934 2760 1023 2834 ferre
1035 2763 1181 2842 vedeare
1194 2791 1205 2848 ;
1229 2781 1344 2858 neque

227 2870 269 2935 tu
281 2859 393 2934 oderit
409 2883 502 2941 eum,
519 2883 624 2954 quem
636 2865 676 2930 tu
691 2857 789 2938 velis,
803 2857 871 2929 nisi
887 2859 1033 2954 teipsum
1043 2864 1255 2954 flagrantem
1267 2857 1345 2932 odio

226 2958 467 3032 antevideirt:
492 2981 609 3052 neque
634 2955 679 3028 ad
694 2953 979 3032 misericordiam,
993 2958 1200 3036 adducetur,
1226 2952 1344 3032 nisisi

229 3069 270 3133 tu
281 3056 379 3156 signa
395 3053 522 3128 doloris
538 3054 589 3128 tui
605 3053 724 3136 verbis,
741 3048 1036 3136 contendissem
1053 3055 1161 3134 vultu,
1177 3049 1344 3150 collacry-

226 3155 380 3230 matione
397 3153 550 3252 denique
566 3151 778 3227 ostenderis:
815 3161 857 3225 ut
872 3151 967 3226 euim
984 3153 1080 3226 nulla
1095 3149 1257 3225 materies
1273 3159 1342 3222 tam

226 3247 336 3344 'facilis
352 3252 396 3324 ad
418 3249 717 3342 exardescendum
738 3258 807 3332 est,
830 3273 929 3346 quae,
955 3249 1020 3324 nisi
1038 3250 1182 3326 admoto
1197 3247 1342 3348 igniig·

228 3375 311 3426 uem
326 3350 511 3448 concipere
526 3350 634 3447 possit
647 3374 658 3434 ;
682 3350 733 3423 sio
749 3348 845 3422 nulla
859 3373 960 3422 mens
975 3359 1030 3422 cst
1044 3362 1114 3424 tam
1134 3347 1178 3420 ad
1193 3367 1340 3443 compre·

227 3449 380 3524 hundam
390 3449 461 3520 vim
473 3447 615 3520 oratoris
627 3456 847 3542 paratu‚quae
860 3447 1133 3546 possitincendi‚
1143 3444 1339 3520 nisiinflum·

228 3557 340 3624 matus
355 3548 430 3642 ipse
444 3545 487 3620 ad
501 3543 1014 3623 eamet10ardensaceesrerit.

199 3707 202 3714 .
229 3653 231 3730 j
276 3645 407 3718 XLVI.
432 3643 499 3725 Ac,
515 3667 560 3714 ne
571 3640 662 3714 forte
680 3641 747 3714 hoc
759 3664 927 3740 magnum
944 3669 984 3718 ac
999 3645 1153 3718 mirabile
1166 3667 1242 3718 esse
1255 3642 1339 3726 ride-

228 3750 316 3823 atur,
333 3741 512 3818 hominem
520 3739 625 3814 toties
635 3738 746 3821 irasci,
758 3741 861 3814 toties
874 3740 1002 3822 dolere,
1019 3744 1119 3817 toties
1130 3743 1227 3817 curui
1238 3736 1338 3816 animi

229 3847 329 3915 motu
340 3839 518 3920 concitari,
531 3836 721 3938 praesertim
733 3838 772 3912 in
784 3841 888 3911 rebus
903 3839 1026 3921 alienis
1041 3867 1052 3924 ;
1077 3841 1211 3938 magnis
1226 3839 1277 3912 vis
1289 3844 1337 3910 εεῖ

228 3961 348 4042 carum
361 3937 617 4010 sententiarum
632 3946 736 4038 atque
749 3961 870 4012 eorum
886 3937 1053 4020 locorum,
1067 3963 1156 4038 quos
1169 3963 1249 4037 agas
1260 3947 1338 4011 truc·

268 4131 330 4196 9αὲ
338 4127 494 4194 ¹irua'cutui⁸
507 4137 543 4206 ei,
555 4133 618 4216 eui]
633 4137 679 4200 Ita
692 4136 765 4196 Asc.
781 4135 882 4211 steph.
894 4135 997 4198 Lamb.
1008 4147 1040 4197 et
1054 4135 1244 4198 assumere
1257 4136 1337 4210 Mag·

229 4217 300 4276 nou.
316 4217 417 4276 Mead.
432 4215 513 4274 Harl.
533 4223 557 4271 1.
567 4216 649 4274 Joan.
664 4229 695 4279 et
707 4227 832 4290 excepta
844 4213 921 4274 Nor.
931 4215 1072 4294 Vulgdei
1084 4219 1175 4277 abest.

249 4303 251 4311 '
273 4305 304 4354 ¹0
318 4294 433 4372 Vulgo,
446 4298 552 4352 ardens
566 4294 737 4376 accesseris]
751 4294 830 4356 curn
853 4309 1045 4371 praecesserat
1056 4302 1096 4354 ad
1109 4297 1338 4366 conrpreuenden·

227 4377 293 4448 dam
306 4380 367 4431 vina
380 4380 515 4444 cratoris,
527 4373 814 4454 Gronoviusmaluit
828 4377 929 4451 legere
948 4381 1119 4438 accerserit:
1139 4393 1230 4452 quam
1244 4370 1337 4434 lectio-

228 4472 298 4512 nem
312 4449 510 4532 necessariam
523 4455 619 4514 duco:
640 4473 765 4532 eamque
778 4457 884 4517 habent
897 4449 974 4520 Asc(
985 4457 1086 4532 steph.
1098 4453 1215 4534 diique,
1228 4465 1335 4534 necnon

229 4531 582 4620 MStiuJoamBodAEari.
602 4539 626 4618 .¹·
638 4533 727 4622 Meg
739 4547 771 4596 et
783 4535 861 4624 Mor.
