2830 5014
475 621 530 688 M.
555 609 737 684 TULLII
756 607 1022 678 CICERONIS

873 745 884 778 0

728 819 770 858 D!

416 981 1076 1111 ORATORE

550 1432 617 1526 Ω,
644 1421 932 1518 FRATREM

480 1629 711 1708 mancum,
729 1634 811 1694 ssu
830 1629 957 1695 amun
975 1629 1030 1700 111.
1123 1615 1125 1622 ’

690 1842 813 1880 -Qeo-

192 2015 223 2092 1.
274 2012 612 2086 ‘NSTITUENTI
628 2006 725 2090 mihi,
743 2005 883 2086 Quinte
895 2003 1011 2088 frater,
1023 2028 1105 2082 eum
1117 2026 1316 2088 sermonem

313 2111 441 2194 referre
459 2118 494 2184 et
506 2107 674 2200 mandare
687 2105 769 2198 huic
781 2103 887 2176 tertio
902 2103 1001 2184 libro,
1018 2127 1124 2200 quem
1146 2117 1228 2207 post
1243 2107 1314 2184 An.

190 2210 286 2288 tonii,
299 2207 571 2306 disputationem
588 2205 734 2283 Crassus
752 2199 943 2284 habuisset,
959 2203 1080 2279 acerba
1103 2204 1188 2278 sane
1205 2231 1313 2282 recor·

191 2309 283 2382 datio
294 2319 447 2383 veterem
460 2303 565 2378 animi
579 2301 968 2404 curammolestiamque
982 2301 1172 2375 renovavit.
1220 2305 1312 2383 Nam

191 2405 279 2481 iilud
294 2403 550 2480 immortalitate
568 2401 713 2498 dignum
730 2399 931 2498 ingenium,
955 2397 1011 2470 illa
1033 2397 1237 2486 humanitas,
1253 2403 1315 2480 iiia

191 2501 302 2591 uirtus
333 2503 374 2578 L.
388 2499 511 2570 Crassi
527 2509 638 2568 morte
654 2497 826 2568 exstincta
841 2491 958 2570 subita
976 2504 1034 2568 est
1052 2497 1108 2570 vix
1121 2498 1238 2596 diebus
1255 2501 1314 2579 de-

191 2621 270 2690 cem
280 2605 364 2692 p0st
380 2621 461 2670 eum
477 2594 581 2675 diem,
596 2595 655 2692 qui
666 2595 732 2668 hoc
744 2604 783 2692 et
799 2593 974 2696 superiore
991 2594 1078 2668 libro
1091 2599 1312 2676 continetur:
1409 2641 1410 2646 =

193 2705 233 2772 ut
248 2695 343 2776 enim
365 2695 507 2786 Romam
525 2691 630 2766 rediit
645 2701 799 2766 extremo
817 2690 1034 2770 scenicorum
1055 2693 1215 2771 ludorum
1243 2698 1313 2786 die,

193 2794 418 2888 uehementer
446 2799 642 2868 commotus
654 2804 693 2863 ea
710 2789 878 2873 oratione,
900 2815 984 2904 quse
1001 2791 1171 2868 ferebatur
1194 2795 1314 2884 habita

192 2917 270 2964 esse
283 2891 502 2970 inconcione
518 2889 721 2986 aPhilippo,
735 2913 840 2986 quem
851 2890 980 2963 dixisse
993 2893 1185 2973 constabat,
1197 2895 1315 2969 viden·

193 2989 274 3062 dum
290 2992 354 3062 sibi
372 2989 495 3061 loliud
510 3011 581 3060 esre
596 2988 783 3066 seruilium,
798 2988 859 3059 ilio
870 3000 988 3062 serente
1002 3011 1038 3058 se
1048 2987 1316 3082 Rempublz’cam

189 3113 392 3183 gererenon
398 3099 525 3183 possm
541 3085 643 3158 mane
656 3085 768 3166 idibus
780 3085 989 3182 Septembris
999 3093 1037 3154 et
1048 3083 1104 3156 ille
1116 3097 1152 3157 et
1167 3103 1315 3166 senatus

194 3187 360 3282 frequens
373 3195 496 3258 vocatu
513 3183 618 3256 Drusi
630 3183 667 3255 in
681 3184 809 3256 curiam
821 3185 928 3258 venit.
976 3181 1066 3265 2lbi,
1080 3208 1161 3257 curn
1173 3187 1314 3264 Drusus

195 3285 307 3358 muita
320 3285 363 3356 de
379 3283 539 3381 Phiiippo
550 3291 695 3379 questus
711 3293 813 3366 esset,
830 3281 948 3355 retulit
960 3281 1003 3354 ad
1019 3291 1179 3356 senatum
1193 3285 1235 3358 de
1248 3288 1313 3363 iilo

195 3381 282 3488 ipso,
293 3379 391 3478 quod
405 3381 528 3455 consul
538 3381 576 3452 in
585 3403 665 3454 eurn
677 3381 832 3455 ordinem
844 3388 915 3462 tarn
928 3381 1074 3478 graviter
1089 3380 1311 3462 inconcione

307 3549 407 3605 Nora
425 3561 468 3602 ur
488 3545 745 3607 Eussnnrrosns
766 3565 809 3604 an
829 3548 964 3606 Lrsnrrrr
985 3546 1153 3606 Tmmu.

241 3653 347 3707 ialiud
359 3670 421 3707 esse
433 3647 608 3730 consilium]
620 3653 679 3712 Per
692 3670 797 3712 vocem
810 3655 960 3710 consilium
973 3651 1041 3728 (pro
1054 3671 1113 3728 qua
1122 3652 1172 3712 alii
1190 3653 1311 3714 edidere

198 3730 360 3805 concilium)
374 3728 506 3805 intellige
520 3743 631 3790 coetum
641 3733 689 3790 vel
710 3731 977 3808 congregationem,
992 3731 1054 3790 sive
1067 3751 1118 3791 eos
1140 3733 1189 3810 qui
1204 3753 1313 3796 consu·

196 3809 271 3876 lunt,
281 3825 338 3864 non
351 3807 380 3864 id
394 3811 471 3886 quod
486 3814 670 3870 consulentes
683 3823 866 3888 sequuntur:
889 3811 938 3869 Sic
958 3812 988 3868 in
998 3811 1028 3870 ii.
1039 3817 1085 3869 82.
1099 3815 1136 3872 de
1151 3827 1252 3872 senatu
1265 3815 1311 3874 di·

197 3887 247 3957 cit,
261 3889 374 3956 sopiens
389 3899 433 3946 est
448 3895 617 3952 consilium:
638 3901 669 3949 et
681 3890 751 3948 inii.
767 3898 813 3947 39.
836 3895 916 3951 aliud
934 3894 1080 3954 consiliam
1094 3896 1312 3968 instituendum,

198 3979 267 4030 etc:
597 4024 598 4028 ,

239 4055 255 4103 2
272 4049 327 4118 Ibi,
341 4048 402 4104 crim
416 4049 557 4131 Drusus]
576 4049 654 4108 Vide
667 4067 735 4126 quae
747 4051 856 4110 ¹Cicero
869 4053 906 4110 de
919 4053 974 4110 hac
983 4070 1015 4112 re
1029 4051 1137 4114 dicitin
1150 4054 1168 4112 i.
1185 4058 1211 4112 7.
1225 4058 1313 4130 Lege

198 4127 373 4202 Sempronia
384 4128 494 4206 judicia
506 4129 623 4206 publiea
635 4148 652 4187 a
665 4143 766 4190 senatu
784 4133 818 4189 ad
832 4133 1013 4208 Equestrem
1028 4135 1161 4196 ordinem
1176 4136 1313 4194 translata

197 4207 335 4268 suerunt:
358 4209 402 4264 M.
416 4209 485 4269 vero
501 4209 603 4268 Livius
627 4209 749 4270 Drusus
770 4212 905 4271 tribunus
926 4213 1025 4289 plebis
1047 4228 1226 4290 repugnante
1240 4231 1312 4272 corr·

198 4289 262 4344 sule
278 4287 314 4346 L.
331 4287 444 4346 Marcio
467 4289 614 4363 Philippo,
629 4291 731 4366 legem
745 4291 821 4362 tulit,
844 4304 876 4350 ut
898 4292 983 4370 aequs
996 4307 1124 4367 exparte
1137 4293 1247 4371 judicia
1260 4312 1311 4350 es·

199 4375 265 4420 sent
277 4371 368 4436 penes
382 4381 515 4426 senatum
530 4380 559 4425 et
572 4367 704 4428 ordinem
718 4372 906 4447 Equestrem.
939 4373 1017 4431 Hinc
1031 4372 1080 4429 ilia
1099 4373 1218 4430 dissidia
1240 4373 1312 4431 Phi-
1407 4417 1408 4426 ,

198 4440 272 4512 lippi
286 4455 315 4501 et
329 4443 432 4512 Drusi,
459 4446 547 4523 hujus
569 4449 774 4508 auctoritatem
797 4453 923 4512 Senatus
936 4451 1124 4526 defendentis,
1136 4452 1226 4524 illius,
1240 4453 1313 4516 licet
1407 4509 1408 4526 ,

200 4522 301 4585 consul
315 4531 379 4583 tum
393 4537 481 4594 esset,
492 4545 557 4586 eam
571 4529 781 4608 oppugnantis
