2830 5014
214 323 271 378 aas
635 317 694 378 DE
713 318 917 382 ORATORE

218 477 280 540 aut
295 489 366 540 non
384 463 431 534 i⁴a
442 461 508 560 agi,
523 473 563 538 ut
578 465 736 540 debuerit
751 493 795 542 ac
810 466 965 542 licuerit:
989 473 1038 548 et,
1054 463 1081 539 si
1091 466 1172 539 salis
1183 487 1256 538 esse
1268 489 1331 563 pu-

219 565 305 642 tatis,
321 587 371 643 ea,
383 586 465 658 quse
478 562 535 635 isti
548 565 821 662 scriptoresartis
833 566 971 645 docent,
988 566 1131 645 discere,
1143 587 1222 659 quae
1244 564 1331 636 mul·

221 675 257 732 to
272 671 391 733 tamen
405 661 572 745 ornatiirs,
590 667 696 760 quim
711 665 827 735 abillis
853 663 1030 743 dicuntur,
1057 672 1094 734 et
1121 661 1260 734 uberius
1277 685 1332 732 ex·

216 757 353 856 plicavit
363 757 562 847 Antonius3
578 762 650 841 sed,
661 762 688 834 si
705 761 758 833 his
770 761 931 834 contenti
941 760 1150 856 emicatque
1160 759 1201 831 iis
1216 760 1332 839 etiam,

217 879 301 956 quae
316 856 547 930 dicivoluistis
560 862 580 930 ia
593 885 661 938 me,
686 883 731 930 ex
752 858 884 956 ingenti
911 859 1060 954 quodam
1084 866 1253 930 oratorem
1275 859 1335 928 im·

216 978 408 1051 menseque
425 979 546 1052 campo
562 957 600 1028 in
614 957 778 1053 exiguum
792 956 875 1028 sane
888 981 1012 1054 gyrum
1026 955 1249 1052 compellitis:
1280 955 1335 1026 sin

216 1062 369 1126 veterem
389 1053 485 1126 illurn
510 1055 689 1135 Periclem,
713 1063 772 1128 aut
798 1056 894 1128 huno
916 1055 1030 1133 etiam,
1046 1053 1106 1147 qui
1135 1053 1337 1124 familiarior

214 1149 315 1222 uobis
325 1159 463 1246 propter
474 1151 682 1246 scriptorum
694 1153 952 1226 multitudinem
968 1161 1037 1233 est,
1052 1150 1337 1226 Demosthenem

215 1248 315 1344 sequi
333 1247 456 1329 vultis3
481 1259 529 1325 et,
553 1248 582 1318 si
606 1249 700 1320 illam
726 1250 925 1344 praeclaram
950 1260 985 1321 et
1006 1249 1166 1322 eximiam
1184 1249 1341 1345 speciem

216 1347 360 1420 oratoris
393 1343 537 1442 perlecti
562 1355 599 1416 et
628 1345 899 1441 pulcritudinem
929 1347 1127 1424 adamastis,
1153 1358 1214 1418 aut
1240 1347 1340 1417 vobis

217 1444 296 1518 hoec
305 1444 496 1516 Carneadia
508 1453 567 1514 aut
580 1443 637 1514 ills
651 1425 852 1514 Aristotelia
864 1442 914 1514 vis
925 1443 1254 1538 comprehendenda
1268 1455 1338 1516 est.

217 1543 384 1637 Namque
397 1544 454 1633 (ut
466 1551 550 1614 ante
567 1540 655 1632 dixi)
668 1550 800 1613 veteres
810 1539 856 1612 illi
874 1545 1011 1635 7usque
1023 1540 1065 1610 ad
1079 1541 1252 1614 Socratem
1266 1567 1341 1614 om·

218 1665 301 1714 neur
311 1640 467 1712 omnium
477 1661 698 1735 rerumquae
708 1641 867 1712 admores
879 1639 1156 1734 hominum,quae
1168 1639 1343 1719 advitam,

190 1763 193 1774 ¹
218 1763 300 1834 quoe
309 1739 355 1812 ad
363 1739 536 1819 virtutem,
546 1761 628 1835 quoe
639 1735 1341 1833 adRempublicampertinebant,ocgniti·

219 1863 336 1917 ouem,
349 1845 383 1908 et
394 1836 573 1912 scientiam
592 1861 673 1910 cum
689 1835 827 1910 dicendi
840 1834 971 1907 ratione
977 1833 1188 1929 jungebant:
1214 1842 1340 1943 postea

220 1935 829 2030 ssdissociatimtexposuislSocrate
840 1929 1160 2011 disertiidoctis,et
1169 1930 1337 2028 deinceps

218 2035 239 2106 ri
257 2032 441 2104 Socraticis
457 2032 540 2102 item
557 2031 730 2110 omnibus,
754 2030 949 2126 philosophi
967 2026 1203 2124 eloquentiam
1219 2028 1336 2128 despe-

215 2139 357 2208 xerunt.
384 2139 536 2200 oratores
550 2128 770 2224 sapientiam:
796 2151 915 2221 neque
928 2125 1115 2221 quidquam
1133 2151 1178 2198 ex
1194 2127 1335 2200 alterius
1396 2151 1397 2168 ¹

218 2238 315 2324 parte
334 2228 534 2324 tetigerunt,
560 2227 627 2300 nisi
643 2225 739 2323 quod
751 2225 798 2298 illi
814 2226 857 2296 ab
866 2224 929 2306 his,
952 2233 1014 2298 aut
1028 2225 1072 2294 ab
1088 2223 1151 2296 illis
1168 2223 1204 2296 hi
1221 2235 1335 2298 mutu-

216 2335 369 2409 arentur,
389 2328 464 2400 9ex
482 2348 554 2421 quo
568 2324 763 2426 promiscui
793 2321 976 2405 haurirent,
1003 2321 1032 2394 si
1048 2346 1191 2396 manere
1205 2322 1243 2396 iu
1258 2325 1336 2424 pris·

257 2525 275 2576 7
289 2525 433 2592 usquead
447 2523 610 2586 Socratem,
629 2520 709 2601 etc]-
723 2523 862 2582 Fatentur
884 2539 989 2581 omues
1003 2523 1167 2597 legendum
1192 2539 1261 2580 esse
1288 2521 1334 2576 So·

217 2611 324 2664 erotem
341 2599 410 2676 (non
425 2604 582 2660 Isocratem
586 2603 606 2676 )
610 2628 622 2672 ,-
641 2620 730 2660 nemo
743 2614 843 2660 tamen
864 2602 927 2660 fere
939 2602 1135 2660 recentiorum
1150 2621 1215 2660 eam
1230 2619 1335 2660 rocem

216 2680 511 2753 intexturnreccpit.
554 2682 668 2738 Munut.
692 2695 722 2753 et
752 2681 904 2756 R-Steph.
931 2683 1025 2739 Streb.
1049 2693 1079 2738 et
1103 2683 1204 2740 Lamlr.
1228 2681 1335 2756 aliique
1395 2715 1396 2736 r

216 2775 336 2817 veteres
353 2763 500 2832 Socratem
514 2761 593 2820 recti
609 2761 832 2834 impresserunt,
844 2775 874 2819 et
886 2763 923 2819 de
937 2761 1053 2817 Socrate
1067 2761 1146 2818 idem
1160 2776 1245 2818 antea
1255 2760 1334 2817 dixe-

216 2851 260 2897 rat
274 2839 391 2906 Cicero‚
415 2861 441 2898 c,
460 2847 501 2898 16.
516 2839 658 2916 idemque
678 2839 748 2897 dicit
769 2855 870 2914 postea
895 2841 926 2898 in
941 2843 996 2899 hoc
1010 2841 1115 2914 capite,
1137 2837 1205 2896 cum
1230 2842 1335 2896 eadem

216 2938 308 2994 prope
324 2923 411 2978 verba
423 2920 518 2986 iterat,
531 2921 675 2978 dissociati
689 2924 746 2995 (ut
760 2921 904 2994 exposui)
921 2920 1076 2981 riSocrate.
1118 2917 1216 2977 Video
1243 2920 1337 2978 etiam

217 3002 325 3062 MSros
339 3001 410 3060 Bod.
426 3013 456 3059 et
472 2999 532 3066 Bal.
556 3001 697 3072 Socratem
713 3000 862 3060 exhibere.

257 3087 274 3142 ,8
291 3082 442 3148 dissociati,
456 3094 489 3136 ut
504 3076 664 3160 exposuisti
680 3079 797 3144 Socrate
811 3071 1138 3156 disertissimeque]
1166 3077 1269 3135 Nemo
1284 3090 1336 3146 est,

216 3159 328 3234 opinor,
340 3158 390 3216 cui
400 3161 483 3218 loeus
498 3160 546 3217 hic
563 3178 650 3217 sanus
668 3157 804 3217 videtur:
826 3172 889 3218 tum
905 3163 973 3240 quia
987 3159 1119 3236 sequitur
1128 3160 1294 3226 triaiiosotrlri
1306 3169 1333 3215 et

216 3252 367 3302 oratores,·
388 3253 450 3296 turn
467 3239 535 3316 quia
561 3238 730 3315 praepositio
751 3239 874 3298 dulium
893 3259 1013 3317 prorsus
1036 3256 1155 3297 sensum
1171 3239 1333 3295 hebetante

216 3320 319 3382 doctis,
329 3317 419 3392 quam
427 3333 492 3378 ante
503 3321 640 3386 Socrate,·
660 3331 796 3378 ettamen
807 3337 864 3376 non
875 3340 962 3382 voces
975 3321 1102 3387 ddoctis,
1112 3317 1164 3375 sed
1174 3317 1192 3374 ὰ
1204 3319 1333 3384 Socrate,

216 3400 359 3474 copulatae
375 3411 442 3457 sunt
456 3397 653 3476 sequentibus,
667 3413 694 3454 et
709 3399 872 3470 rancessit
890 3402 1051 3468 Socraticis,
1065 3412 1121 3458 erc.
1172 3397 1330 3455 Lambinus
1394 3419 1395 3456 1

216 3479 286 3536 olim
300 3479 458 3552 legendum
470 3495 535 3536 esse
549 3477 674 3543 censuit,
687 3481 846 3536 dissociatis
859 3483 913 3556 (ut
923 3484 1048 3550 exposui
1055 3478 1073 3534 ὰ
1085 3479 1202 3532 Socrate
1214 3477 1330 3532 disertis

215 3555 234 3614 ri
249 3561 337 3614 doctis
351 3579 361 3615 .-
383 3557 477 3614 sedin
493 3559 547 3616 hac
555 3558 680 3614 lectione
694 3557 763 3616 ciam
778 3559 873 3617 adhuc
887 3573 995 3617 restant
1009 3577 1053 3626 ea,
1063 3573 1130 3632 quae
1145 3556 1221 3614 mihi
1234 3555 1330 3628 displi-

215 3650 291 3704 cent,
306 3635 323 3693 ὰ
337 3640 426 3694 doctis
439 3650 467 3692 et
481 3641 614 3706 deinceps
627 3636 644 3694 d
670 3639 832 3708 Socraticis,
846 3637 947 3698 malim
968 3643 1080 3714 legere,
1102 3640 1261 3696 dissociatis
1277 3638 1333 3711 (ut

214 3717 362 3786 exposui)
379 3715 397 3774 ἃ
413 3723 531 3776 Socrate
545 3720 803 3776 disertisetdoctis.
844 3721 884 3777 Et
895 3731 993 3778 tamen
1008 3735 1063 3775 noo
1079 3715 1271 3775 dissimulabo
1283 3732 1331 3772 me

213 3792 327 3872 jamdiu
348 3796 493 3870 suspicari
505 3801 595 3856 verba
607 3801 710 3854 diserti
722 3798 740 3856 ὰ
753 3803 844 3855 doctis
858 3819 896 3856 ex
911 3802 1009 3874 glossa
1018 3813 1084 3855 esse
1095 3795 1220 3853 Librarii
1233 3793 1331 3871 cujus·

214 3875 281 3935 darn
297 3871 471 3948 explicantis
480 3895 583 3934 vocem
594 3881 751 3936 dissociati·
792 3878 824 3936 si
835 3881 899 3936 haec
912 3881 995 3936 tollas
1009 3875 1080 3932 illud
1093 3877 1237 3946 dissociati
1252 3871 1327 3932 recti

211 3959 247 4012 'se
264 3953 388 4020 habebit,
404 3973 443 4010 sc.
451 3961 613 4028 salrilosotrlu'
626 3969 657 4016 et
669 3970 806 4014 oratores.
848 3961 882 4015 ln
896 3960 1015 4032 vulgata
1028 3954 1152 4012 lectione
1163 3973 1218 4028 per
1234 3957 1328 4020 doctos

213 4034 361 4110 intelligas
373 4033 570 4110 philosophos,
583 4057 638 4114 per
651 4041 774 4095 disertos
789 4035 860 4094 veri>
880 4049 1030 4104 oratorem
1051 4047 1085 4093 ut
1107 4033 1136 4092 in
1161 4037 1243 4092 Orat·
1258 4053 1282 4092 c.
1304 4037 1327 4086 3·
1393 4057 1394 4092 2

213 4121 254 4173 ito
267 4131 296 4174 et
311 4113 403 4174 doctis
413 4119 740 4187 eloquentiojrolruloris,
751 4130 782 4176 et
794 4115 911 4174 disertis
923 4122 1040 4188 elegans
1056 4115 1187 4171 doctrino
1197 4117 1297 4186 smair.

253 4203 406 4265 96111110,
425 4191 498 4274 ete]
529 4197 689 4254 Lambinus
710 4198 785 4275 legit
805 4197 865 4255 crim
880 4215 919 4260 esc
946 4201 1043 4253 eodem
1061 4197 1151 4265 sonte
1170 4187 1329 4262 promiscui

212 4279 332 4329 lrourire
342 4284 461 4348 possent
473 4300 485 4343 ,·
505 4279 556 4334 sed
569 4276 641 4333 nihil
656 4279 829 4336 mutandum
850 4293 967 4345 censeo,
983 4276 1009 4333 si
1021 4277 1109 4332 verba
1122 4293 1163 4328 ex
1182 4291 1238 4344 quo
1252 4271 1329 4329 idem

212 4352 378 4425 significent
388 4373 420 4409 ac
436 4375 520 4428 quum
534 4381 545 4422 ,-
566 4369 598 4414 ut
609 4355 746 4416 videntur
758 4356 788 4414 in
802 4358 902 4431 Eped
916 4357 999 4414 Fam.
1014 4355 1054 4413 ix.
1071 4359 1112 4412 17.
1154 4355 1290 4410 Habuisti
1301 4354 1329 4404 in

211 4443 262 4488 tuo
273 4441 426 4500 potestate,
440 4453 478 4488 ex
493 4455 546 4506 quo
560 4442 610 4496 vel
624 4453 669 4491 -ex
680 4441 785 4500 sobrio,
799 4441 846 4492 vel
866 4434 946 4494 certi
957 4457 997 4490 ex
1016 4439 1093 4495 ebrio
1110 4437 1188 4490 scire
1205 4441 1326 4506 troqsest

209 4509 287 4581 Vide
300 4510 387 4568 etiam
402 4533 467 4588 quae
484 4516 520 4586 de
534 4518 588 4586 hac
602 4532 635 4572 rc
651 4514 714 4574 dixi
724 4516 754 4574 in
769 4520 798 4576 N
802 4529 839 4575 ot.
853 4519 889 4577 ad
902 4517 932 4582 ii.
948 4523 992 4572 68.
1209 4509 1210 4516 ’
