2830 5014
546 283 673 346 LIBER
693 283 751 344 111.
775 283 818 340 ta.
1158 285 1214 352 219

83 459 187 518 ,num
212 435 364 534 lenitate]
377 429 485 516 vocis,
500 441 606 532 atque
622 432 699 531 ipso
714 429 781 506 oris
805 451 929 535 pressu
943 435 981 504 et
1002 454 1091 507 sono
1105 432 1208 508 facile

62 561 64 566 ’
88 537 219 610 vincat.
1280 539 1283 547 ’

140 635 225 707 XII.
251 634 384 718 Quare,
401 632 483 706 edm
500 631 546 704 sit
561 632 722 730 quaedam
738 637 835 705 certa
860 654 927 706 vox
945 633 1088 708 Romani
1104 656 1207 730 gene

85 729 138 804 ris
154 734 315 830 urbisque
333 729 477 828 propria,
493 731 531 802 in
543 755 612 828 qua
623 729 709 802 nihil
729 729 743 776 ¹
758 728 888 801 offendi
906 730 992 804 nihil
1017 733 1207 831 displicere,

84 830 178 905 nihil
190 829 415 906 animadverti
426 828 547 926 possit,
561 829 646 900 nihil
662 852 785 901 sonare
795 837 856 899 aut
865 827 958 901 olere
975 832 1204 928 peregrinum,

73 927 181 1004 -hanc
197 953 380 1025 sequamur
397 954 407 1012 3
432 952 548 1024 neque
564 927 679 998 solum
706 925 869 998 rusticam
896 929 1124 1026 asperitatem,
1142 928 1204 1002 sed

81 1028 191 1100 etiam
207 1027 422 1124 peregrinam
432 1025 650 1098 insolentiam
661 1025 779 1120 fugere
797 1022 977 1106 discamus.
1028 1027 1204 1122 Equidem
1239 1040 1244 1050 '

82 1124 168 1198 cdm
183 1125 290 1198 audio
303 1148 440 1196 socrum
463 1145 576 1195 meam
593 1124 742 1195 Laelium
759 1120 908 1214 (facilius
923 1124 1018 1198 enim
1041 1126 1205 1198 mulieres

79 1221 323 1320 incorruptam
337 1222 577 1318 antiquitatem
591 1229 806 1300 conservant,
820 1215 919 1315 quhd
929 1224 1120 1296 multorum
1138 1247 1203 1294 ser·

81 1321 201 1394 monis
216 1331 381 1420 expertes
396 1345 436 1391 ea
452 1329 576 1392 tenent
600 1341 747 1416 semper,
763 1339 845 1414 quae
862 1318 968 1416 prima
985 1320 1203 1406 didicerunt;

21 1471 23 1514 g
80 1411 163 1502 sed)
180 1443 255 1492 eam
271 1419 323 1492 sic
337 1417 448 1499 audio,
471 1430 513 1490 ut
527 1419 690 1489 Plautum
710 1415 792 1488 mihi
819 1424 876 1488 aut
900 1418 1063 1492 Naevium
1087 1421 1202 1493 videar

79 1516 224 1590 audire:
249 1541 337 1590 sono
353 1515 429 1618 ipso
445 1513 550 1587 vocis
564 1515 613 1586 ita
632 1523 731 1586 recto
747 1522 783 1586 et
800 1513 944 1612 simplici
961 1526 1025 1598 est,
1049 1525 1089 1589 ut
1114 1516 1200 1590 nihil
1314 1604 1319 1618 1

78 1614 329 1688 ostentationis
346 1625 408 1692 aut
425 1611 630 1687 imitationis
645 1611 766 1685 afferre
793 1611 965 1686 videatur:
991 1637 1036 1687 ex
1051 1640 1124 1713 quo
1150 1617 1201 1690 sic

21 1769 22 1792 2
77 1712 240 1788 locutum
256 1737 331 1786 esse
342 1713 420 1808 ejus
431 1721 565 1808 patrem
579 1709 710 1806 judico,
725 1709 776 1782 sic
787 1713 931 1806 majores
945 1744 955 1802 ;
980 1738 1052 1786 uon
1064 1715 1200 1812 aspere,

69 1820 124 1902 ,ut
141 1810 211 1891 ille,
227 1835 333 1906 quem
349 1811 420 1882 dixi
438 1836 449 1892 ;
473 1834 545 1882 non
574 1809 682 1890 vaste,
710 1833 783 1882 non
806 1809 948 1892 rustice,
965 1836 1038 1884 non
1060 1812 1200 1896 hiulcc5

76 1907 146 1982 sed
154 1909 273 2004 presse
287 1906 545 2006 etaequabiliter
566 1917 605 1979 et
617 1906 754 1980 leniter.
804 1907 925 1990 Quare
944 1908 1049 1982 Cotta
1068 1919 1199 1992 noster,

76 2005 180 2103 cujus
195 2017 235 2080 tu
250 2005 306 2078 illa
321 2008 401 2087 lata,
417 2005 552 2104 Sulpiti,
577 2029 847 2102 nonnumquam
879 2005 1041 2089 imitaris,
1063 2019 1104 2082 ut
1120 2010 1196 2082 lota

76 2105 212 2178 literam
223 2105 334 2187 tollas,
357 2115 396 2179 et
411 2105 443 2177 E
459 2103 699 2202 plenissimum
724 2102 828 2185 dicas,
847 2130 921 2178 non
947 2106 1031 2178 mihi
1049 2111 1200 2180 oratores

74 2203 254 2301 antiquos,
277 2203 372 2275 ²sed
388 2225 558 2274 messores
574 2201 710 2274 videtur
738 2201 876 2274 imitari.
926 2201 999 2276 Hic
1024 2206 1104 2276 cum
1120 2206 1197 2277 arri-

75 2301 182 2376 sisset
193 2299 267 2398 ipae
285 2300 465 2397 Sulpitius,
480 2299 537 2372 Sic
547 2323 643 2398 agam
653 2299 839 2381 vobiscum,
852 2299 964 2396 inquit
976 2301 1132 2384 Crassus,
1145 2310 1196 2385 ut,

72 2397 306 2498 quoniamnre
317 2399 413 2498 loqui
424 2398 593 2478 voluistis,
607 2395 740 2494 aliquid
753 2398 796 2470 de
808 2397 1026 2472 vestrisvitiis
1039 2399 1195 2476 audiatis.

74 2498 225 2574 Utinam
240 2498 401 2593 quidam!
426 2497 539 2593 inquit
570 2496 651 2568 ille:
689 2495 724 2568 id
747 2496 840 2569 enim
865 2495 980 2594 ipsum
1013 2502 1171 2576 uolumus
1183 2532 1195 2590 3

77 2596 190 2693 idque
216 2594 246 2668 si
273 2595 408 2675 feceris,
424 2595 535 2668 multa
552 2595 610 2685 (ut
630 2594 789 2686 arbitror)
808 2593 867 2667 hic
895 2593 997 2668 hodie
1014 2598 1093 2672 vitia
1106 2599 1122 2650 3
1135 2625 1196 2696 po·

71 2713 216 2768 nemus.
265 2690 315 2767 At
342 2690 437 2764 enim
460 2717 534 2764 non
557 2691 634 2764 sine
663 2716 743 2764 meo
774 2691 939 2786 periculo,
967 2694 1114 2766 Crassus
1143 2699 1208 2766 in.

71 2792 166 2888 quit,
199 2815 350 2889 possum,
378 2788 514 2884 Sulpiti,
545 2797 580 2861 te
610 2788 884 2886 reprehendere;
925 2787 1092 2889 quoniam
1123 2791 1193 2869 An-

74 2890 193 2968 tonius
216 2888 301 2964 mihi
329 2899 364 2963 te
389 2887 587 2962 similimum
614 2886 704 2962 dixit
729 2887 790 2962 sibi
818 2885 932 2964 videri,
996 2887 1092 2963 Tum
1121 2891 1193 2976 ille,

113 3087 330 3170 erogatorum]
347 3087 366 3144 i.
387 3107 413 3148 e.
435 3085 619 3159 Latinorum,
634 3087 686 3166 qui
698 3105 804 3148 omnes
823 3085 901 3164 togis
915 3083 1123 3144 vestiebantur.
1141 3086 1204 3148 De.

73 3165 113 3240 Q.
128 3165 195 3224 Val.
211 3169 324 3226 Sorano
337 3167 402 3226 vide
416 3167 490 3227 Plin.
505 3167 583 3226 Hist.
600 3171 669 3228 Nat.
684 3169 724 3228 iii.
746 3177 787 3223 ιο.

93 3261 100 3268 “
119 3261 129 3310 Ι
147 3251 428 3390 οἶεπάί,ἐ(ὶυίι1απι,
442 3265 557 3311 notante
570 3252 721 3320 lambino,
735 3255 839 3326 legera
852 3251 1006 3310 voluerunt
1023 3251 1189 3322 effundere.-

71 3340 103 3390 et
116 3331 200 3400 illud,
211 3331 242 3389 ni
286 3335 348 3396 llar,
359 3331 468 3390 Latinae
483 3332 592 3408 linguae
606 3335 678 3391 ratio
695 3331 743 3390 hle
755 3333 901 3405 postulat;
922 3347 988 3386 nam
1004 3331 1108 3400 offendi
1126 3353 1201 3408 pas-¹

71 3410 146 3471 sivae
161 3411 245 3470 vocis
255 3412 292 3470 de
307 3431 344 3469 eo
356 3410 470 3480 dicitur,
484 3411 535 3488 qui
548 3411 742 3472 offensionem
755 3409 882 3488 accipit3
902 3427 958 3468 non
970 3405 1015 3485 (ut
1024 3407 1088 3489 hic)
1103 3412 1138 3472 de
1153 3431 1190 3474 ea

70 3505 113 3561 re,
124 3508 193 3566 quae
207 3489 376 3552 hominibus
385 3489 539 3550 offensioni
548 3503 602 3550 est.

109 3583 194 3639 seed
206 3599 343 3638 messores
357 3577 473 3638 videtur
483 3577 618 3657 unitas]
642 3574 747 3656 Vulgo
762 3583 893 3637 videris:
914 3579 966 3635 sed
986 3577 1113 3636 Crassus
1131 3597 1190 3641 non

69 3659 122 3718 hle
133 3659 275 3737 juvenem
291 3662 326 3718 C.
338 3659 451 3718 Cottam
465 3655 633 3733 alloquitur,
644 3657 770 3734 quitum
784 3677 917 3734 praesens
932 3657 993 3714 fuit.
1037 3656 1143 3718 Cicero
1157 3661 1189 3721 in

70 3740 164 3800 Bruto
185 3757 210 3794 c.
227 3748 272 3795 5⁵.
286 3736 356 3797 dicit
371 3740 450 3816 hunc
463 3741 498 3796 C.
512 3739 629 3794 Cottam
648 3735 758 3796 dixisse
769 3735 846 3806 suri
864 3751 892 3791 et
913 3735 1020 3796 solati:
1040 3755 1188 3816 nusquam

67 3836 150 3886 vero,
165 3815 190 3874 si
211 3817 342 3886 memini,
367 3816 415 3875 hic
439 3817 542 3876 rustici
564 3814 718 3894 cujusdam
743 3815 807 3874 soni
829 3813 997 3876 indicendo
1020 3831 1185 3878 accusatur.
1243 3833 1250 3846 ·

68 3901 198 3955 Crassus
211 3893 347 3974 intelligit
361 3897 394 3955 L.
409 3898 526 3956 Cottam
550 3908 580 3953 et
594 3894 655 3954 sine
677 3893 765 3954 dubio
781 3895 855 3954 dixit
867 3913 924 3954 non
938 3901 1058 3966 videris,
1072 3899 1123 3955 sed
1140 3900 1186 3952 vi·

65 3977 167 4044 detur,
182 3985 217 4033 ut
229 3973 302 4050 legit
312 3973 472 4044 Manutius,
485 3973 553 4034 edit.
566 3975 673 4033 venet.
686 3974 806 4034 Mediol.
821 3988 852 4034 et
862 3979 1008 4036 nonnullae
1020 3977 1094 4034 aliae.
1134 3973 1184 4034 Dc

67 4055 105 4116 L.
121 4057 210 4115 Cotta
219 4051 249 4111 in
263 4052 360 4130 priore
373 4055 477 4132 capite,
491 4069 521 4114 et
534 4055 565 4112 in
575 4055 672 4134 vBruto
685 4074 710 4111 c.
735 4059 779 4109 36.
795 4053 909 4124 dicitur,
923 4074 994 4114 eum
1009 4072 1079 4113 voce
1092 4051 1185 4112 fuisse

67 4139 193 4208 agresti,
208 4147 239 4194 et
251 4137 436 4202 aceruatim
461 4154 531 4194 eum
544 4147 643 4192 autern
659 4135 783 4193 Crassus
799 4149 881 4194 vocat
898 4137 981 4192 Cotta
994 4146 1101 4198 nosen,
1114 4129 1184 4207 quia

69 4234 171 4284 senex,
186 4227 217 4273 et
230 4231 284 4288 par
298 4228 384 4276 aetate
407 4219 516 4276 Crasso
528 4212 602 4272 fuit:
623 4211 727 4272 usitata
756 4225 803 4275 est
829 4213 886 4276 ista
904 4215 980 4288 apud
1005 4207 1185 4272 Ciceronem

68 4293 210 4372 loquendi
227 4293 362 4354 formula

107 4389 309 4468 Siccaenum]
331 4391 388 4448 Pro
414 4390 595 4459 deponemus,
617 4395 649 4446 ut
662 4383 699 4444 de
714 4386 775 4448 Off.
790 4384 831 4447 iii.
849 4384 985 4455 lstpont‘l
998 4383 1071 4439 enim
1081 4391 1184 4454 latras·

65 4485 131 4529 mm
141 4470 232 4542 arud,
244 4464 304 4532 clam
318 4472 413 4527 induit
420 4467 538 4544 judicis.
