2854 5016
470 339 472 347 Ι
506 373 633 445 L1BER
650 385 675 442 1.
699 389 740 448 rt.
1115 385 1154 438 aa

16 590 19 635 Ι
90 533 289 621 sistamur.
307 531 363 604 his
383 529 544 609 derebus
564 532 646 626 ipsis
671 529 767 600 sirit
795 529 828 602 ei
853 529 1048 611 (brendam,
1071 531 1156 618 cira

17 614 26 730 ξ
88 632 293 729 cognoverit
309 633 354 702 ab
371 627 429 706 iss,
445 627 504 722 qui
532 636 670 706 tenent,
697 649 779 722 quae
797 626 868 708 sint
893 629 930 704 in
944 652 1082 726 quaque
1101 652 1155 709 re,

16 788 27 810 .‚
89 731 201 818 multo
233 738 404 800 oratorem
426 724 560 805 meliis,
589 727 697 821 quam
714 724 805 819 ipsos
822 723 910 807 illos,
935 751 1086 837 quorum
1100 747 1157 798 aaa

16 821 19 828 ’
89 838 174 900 sunt
190 837 292 904 artes,
308 847 383 896 esse
400 817 587 896 dicturum.
638 821 692 896 lta
717 821 744 894 si
762 821 806 894 de
830 847 867 894 re
889 824 1022 900 mibtari
1043 824 1158 902 dicen-

16 910 25 992 .’
88 923 175 996 dum
191 922 271 994 huic
281 921 348 994 erit
360 919 517 1017 Sulpitio,
541 919 764 1018 quaeretiC.
783 921 1158 1008 Marioaffininostr03

16 1019 27 1105 ἓ,
88 1033 136 1103 et,
160 1021 241 1094 etim
268 1043 351 1094 acce
396 1017 454 1099 rit,
481 1019 530 1092 ita
556 1018 806 1116 pronuntiabit,
836 1030 877 1094 ut
903 1021 970 1120 ipsi
986 1017 1027 1093 C.
1047 1019 1159 1092 Mario

87 1141 192 1218 pane
214 1118 273 1190 hic
290 1043 424 1198 mellis,
451 1121 585 1214 squam
601 1117 686 1214 ipse,
702 1117 761 1190 iila
776 1117 864 1192 scire
881 1120 1046 1192 videatur.
1096 1117 1159 1204 Sin

16 1289 24 1298 ,
86 1217 131 1290 de
152 1217 231 1313 jure
244 1214 335 1288 civili
346 1240 357 1300 ;
390 1217 512 1306 'tecum
539 1216 818 1306 communicabit,
848 1225 954 1316 teque
980 1214 1158 1290 hominem

16 1351 17 1354 ¹
86 1313 398 1410 prudentissimum
416 1323 454 1388 et
470 1312 714 1411 peritissimum
729 1315 767 1388 in
783 1315 825 1390 iis
841 1315 924 1414 ipsis
940 1319 1056 1398 rebus,
1069 1337 1160 1411 quas

16 1487 20 1495 ,
86 1415 146 1484 abs
164 1423 201 1485 te
230 1411 397 1492 didicerit,
428 1411 567 1486 dicendi
593 1423 670 1500 arte
686 1413 873 1523 superabit.
922 1415 986 1488 Sin
1003 1437 1087 1511 quta
1102 1434 1161 1484 res

85 1510 259 1593 inciderit,
275 1511 401 1608 inqua
415 1511 461 1584 de
484 1520 625 1594 natura,¹
644 1511 688 1584 de
713 1511 805 1584 vrtiis
821 1513 1014 1600 hominum,
1043 1511 1086 1582 de
1105 1531 1162 1580 cu

16 1683 18 1693 .
86 1608 301 1704 piditatibus,
327 1609 371 1681 de
398 1605 515 1700 modo,
540 1609 584 1696 de
612 1609 844 1698 continentia,
879 1611 924 1684 de
957 1609 1090 1687 dolore,
1116 1605 1161 1684 de
1198 1691 1200 1698 Ι

85 1718 199 1780 morte
216 1707 407 1792 dicendum
422 1707 468 1781 sit
479 1733 498 1801 3.
513 1707 670 1790 forsitan,
691 1708 721 1781 si
737 1707 775 1780 ei
786 1709 833 1781 sit
848 1707 959 1782 visum
982 1705 1064 1800 (etsi
1081 1704 1162 1777 haec

112 1805 230 1878 uidem
241 1830 344 1880 nosse
368 1807 472 1896 debet
489 1807 632 1893 orator),
654 1829 738 1876 curn
758 1806 869 1874 Sexto
882 1805 1059 1898 Pompeio,
1087 1825 1162 1874 eru-
1192 1865 1195 1870 .

84 1831 164 1972 gito
188 1903 332 1974 homine
346 1903 388 1988 in
413 1899 633 1996 philosophia,
659 1899 942 1992 communicabit.
989 1898 1071 1969 Hoc
1087 1919 1163 1994 pro·

26 1983 27 2020 ³
89 1996 188 2073 fectb
204 1997 339 2071 efficiet,
365 2003 415 2073 ut,
440 2013 695 2088 quamcumque
719 1991 834 2062 rema
860 2016 1000 2090 qnoque
1030 2017 1161 2091 cogno·

27 2115 28 2122 ’
89 2104 196 2176 veret,
221 2091 325 2177 devea
335 2089 446 2162 mtdto
463 2087 556 2160 dicat
572 2087 740 2182 ornatibs,
764 2092 872 2184 quim
888 2091 947 2164 ille
962 2092 1048 2189 ipse,
1063 2092 1160 2177 unde

87 2191 257 2288 cognorit.
307 2185 373 2260 Sed
388 2187 418 2260 si
435 2211 493 2260 me
508 2185 668 2286 audierit,
691 2189 855 2284 quoniam
881 2190 1095 2288 philosophia
1121 2190 1163 2268 in

88 2301 161 2362 tres
173 2295 361 2386 partesest
387 2282 581 2384 distributa,
605 2285 670 2356 6in
694 2293 831 2358 naturae
849 2287 1107 2370 obscuritatem,
1123 2288 1163 2362 in

88 2385 282 2461 disserendi
296 2383 541 2464 subtilitatem,
555 2384 593 2455 in
614 2383 717 2456 vitam
729 2393 836 2480 atque
855 2409 991 2474 mores;
1016 2383 1090 2478 duo
1105 2386 1164 2458 illa

87 2487 331 2584 relinquamus
348 2481 673 2580 tarquelargiamur
685 2482 824 2580 inertiae
837 2493 993 2560 nostrae:
1019 2483 1161 2574 tertium

92 2582 190 2665 verb,
201 2584 299 2680 quod
325 2607 464 2679 semper
487 2581 630 2669 oratoris
654 2580 732 2662 fuit,
758 2582 826 2654 nisi
849 2583 1162 2676 tenebimusnibil

89 2681 230 2761 oratori,
244 2681 282 2756 in
294 2703 529 2776 quomagnus
545 2702 621 2750 osse
633 2680 753 2774 possit,
763 2681 1013 2776 relinquemus.
1040 2681 1161 2763 Quare
1204 2751 1208 2758 .

89 2780 149 2853 hic
165 2779 261 2850 locus
276 2778 321 2850 de
333 2777 402 2850 vita
414 2787 451 2864 at
466 2775 620 2862 moribus
633 2785 729 2862 totus
741 2785 798 2848 est
819 2781 943 2852 oratori
965 2777 1163 2874 perdiscens

20 2938 22 2947 .
90 2877 178 2960 dus;
201 2885 340 2957 caetera,
365 2875 394 2948 si
406 2901 482 2950 non
503 2872 670 2964 didicerit,
687 2883 806 2948 tamen
817 2877 954 2972 poterit,
970 2876 999 2950 si
1022 2875 1164 2972 quando
1206 2937 1208 2946 .

90 3000 180 3120 ppos
192 2975 407 3146 aritprnare
425 2969 587 3060 dicendo,
604 2974 634 3046 si
651 2971 757 3049 modb
774 2985 882 3048 erunt
889 2976 933 3048 ad
948 2971 1029 3049 euni
1050 2975 1169 3048 delata

119 3084 156 3146 et
170 3099 201 3146 er
218 3085 272 3148 tra
296 3084 352 3146 tta.
1184 3094 1185 3097 ’

140 3165 245 3244 XVI.
272 3173 415 3246 Etenim
424 3173 454 3244 si
475 3169 616 3246 constat
628 3173 721 3245 inter
735 3173 871 3250 doctos,
883 3166 1059 3246 hominem
1070 3165 1169 3266 ign:
1207 3145 1209 3149 .
1305 3229 1311 3242 .

135 3342 151 3391 5
169 3329 252 3406 purim
265 3332 333 3402 istae,
343 3334 394 3392 illa
406 3345 479 3394 scire
487 3331 648 3406 videntum]
662 3327 712 3386 Sic
722 3325 805 3386 MSll
814 3327 942 3397 Palatini,
952 3328 1069 3398 Gallici,
1079 3328 1159 3391 loan-

92 3414 181 3508 Harl.
198 3411 265 3480 duo,
280 3414 373 3487 Wag.
390 3411 473 3488 Mag.
488 3413 584 3470 Gonr.
598 3411 681 3467 Cant.
693 3408 817 3468 etNorl.
832 3407 978 3472 exhibent.
999 3409 1103 3486 Vulgb
1117 3415 1162 3482 ila-¹

92 3496 327 3628 8letlairlerihlara
349 3567 572 3650 obscuritatem]
594 3570 613 3627 i.
625 3589 652 3626 e.
678 3569 714 3628 In
739 3567 895 3646 Physicam
916 3580 977 3628 tres
1000 3569 1080 3628 enim
1094 3541 1159 3630 istae

92 3663 201 3743 partes,
215 3648 245 3706 in
258 3667 332 3741 quas
345 3649 470 3710 Crassus
484 3647 703 3725 Philosophiam
714 3647 872 3720 distribuit,
883 3662 951 3708 sunt
961 3647 1094 3724 Physica,
1104 3651 1161 3724 Lo·

96 3729 419 3890 glia’ateqtaiziiallgiamur
437 3814 544 3880 inertia
556 3822 655 3867 naam
666 3805 698 3887 r]
706 3806 810 3886 Vulgo
822 3812 907 3881 idque
920 3813 1076 3882 largiamur
1088 3817 1161 3870 imr-

95 3891 142 3946 tiae
154 3901 262 3953 naama,
276 3886 293 3943 i.
309 3908 333 3946 e.
348 3889 514 3966 relinquere
528 3889 665 3948 ducilis:
690 3883 836 3956 Sadalam
856 3904 959 3961 parum
974 3892 1071 3964 placet
1093 3893 1159 3950 haec
1210 3939 1212 3946 .

94 3965 198 4036 lectio,
212 3965 380 4026 auctoritate
392 3967 551 4029 MStorum
565 3973 647 4028 Cant.
663 3968 743 4044 Harl.
758 3969 895 4035 duorum,
907 3971 996 4044 Wag.
1011 3972 1072 4028 Bal.
1083 3973 1158 4028 Nor.
1211 4022 1213 4034 ,

96 4045 192 4104 Gonv.
210 4045 296 4120 Mag.
308 4059 337 4104 et
346 4043 425 4105 ioan.
439 4067 551 4110 necnon
563 4051 725 4108 editionum
735 4047 857 4107 Mediol.
874 4049 952 4106 Van.
967 4046 1160 4121 aliarumque,

97 4124 238 4202 rescripsi
250 4136 334 4198 atque
347 4129 507 4200 largiamur.
660 4127 661 4133 '
1150 4140 1152 4143 ’

120 4213 156 4340 l8
172 4204 237 4266 etei
252 4201 384 4284 tradita]
397 4207 442 4268 Ita
459 4227 563 4271 omnes
576 4207 667 4269 nostri
691 4205 783 4282 msa,
797 4205 867 4268 cirrn
887 4203 976 4284 vulgo
991 4223 1048 4268 vox
1071 4204 1097 4259 ei
1108 4221 1160 4263 ex·

99 4301 120 4340 u
131 4296 167 4344 st.
