2830 5014
191 369 252 426 224
622 359 680 422 DE
699 357 904 422 ORATORE

190 533 275 610 quae
292 529 356 582 nos
380 531 476 582 nunc
494 508 697 604 quaerimus,
723 519 922 590 tractarent,
947 519 1100 608 agerent,
1130 505 1315 592 docerent,

191 611 271 684 cirin
285 607 428 680 nomine
436 607 693 706 appellarentur
705 633 787 690 uno,
803 607 901 708 quhd
912 611 1027 681 omnis
1040 613 1153 681 rerum
1163 608 1313 705 'optima-

190 729 267 778 rum
280 703 437 804 cognitio
448 719 556 803 atque
568 705 606 778 in
623 705 662 778 iis
675 707 877 780 exercitatio
886 708 1104 804 philosophia
1120 707 1311 781 nominare·

188 811 259 890 tur,
284 803 696 878 hoccommunenomen
713 807 848 904 eripuit,
873 805 1122 902 sapienterque
1135 803 1311 876 sentiendi

189 911 225 974 et
246 905 369 976 ornate
388 905 527 978 dicendi
544 904 735 987 scientiam,
761 929 798 976 re
815 905 1046 984 cohaerentes,
1070 902 1312 999 disputationi·

188 1001 252 1074 buo
268 1000 341 1073 stris
362 1003 556 1100 separavit:
588 1003 689 1100 cujus
712 1004 895 1100 ingenium
926 1001 1104 1102 variosque
1127 1017 1312 1074 'sermones

186 1097 433 1172 immortalitati
452 1100 590 1196 scriptis
607 1103 679 1173 suis
695 1103 796 1174 Plato
812 1101 967 1181 tradidit,
992 1103 1074 1176 oum
1092 1100 1162 1197 ipsc
1178 1099 1316 1172 literam

185 1195 344 1268 Socrates
358 1199 487 1270 nullam
501 1197 708 1295 reliquisset.
760 1197 864 1273 Hinc
875 1199 1058 1274 discidium
1071 1197 1158 1272 illud
1175 1197 1316 1268 exstitit

183 1293 280 1390 quasi
294 1294 425 1390 linguae
442 1305 552 1391 atque
572 1295 695 1376 cordis,
714 1297 899 1368 absurdum
916 1299 1001 1368 sane
1017 1309 1059 1370 et
1070 1296 1197 1369 inutile
1211 1303 1246 1367 ct
1260 1319 1319 1367 ro·

185 1391 486 1488 prehendendum,
496 1402 539 1463 ut
549 1393 604 1464 alii
616 1415 680 1464 nos
690 1415 817 1490 sapere,
829 1393 882 1464 alii
893 1394 1011 1465 dicere
1022 1395 1315 1488 docerentmam,

184 1489 267 1563 edm
276 1501 401 1563 essent
412 1492 527 1586 plures
538 1490 604 1564 orti
620 1491 725 1562 feret
741 1491 896 1571 Socrate,
923 1489 1037 1586 (quhd
1047 1515 1093 1562 ex
1110 1491 1316 1562 illiusvariie

185 1597 221 1660 et
235 1589 390 1669 diversis,
416 1599 453 1662 et
478 1589 515 1660 in
531 1613 672 1662 omnem
697 1596 824 1688 partem
841 1588 984 1668 diffusis,
1007 1589 1315 1686 disputationibus

184 1685 377 1758 aliosaliud
388 1687 693 1786 apprehenderat),
709 1688 952 1784 proseminatae
966 1697 1048 1760 sunt
1059 1687 1156 1785 quasi
1171 1686 1311 1758 fimiliae

184 1783 435 1858 dissentientes
452 1785 544 1859 inter
569 1811 617 1867 se,
643 1797 681 1859 et
706 1785 856 1858 multum
880 1785 1068 1879 disjunctae
1087 1797 1123 1854 et
1146 1784 1316 1878 dispares,

183 1883 268 1955 crim
285 1894 407 1956 tamen
424 1908 547 1956 omnes
563 1909 599 1956 se
618 1882 813 1982 philosophi
829 1881 1025 1956 Socraticos
1042 1891 1081 1955 ct
1100 1881 1166 1954 dici
1179 1879 1316 1954 velient

182 1989 220 2052 et
232 2005 309 2054 esse
321 1983 578 2054 arbitrarentur.
1196 2057 1202 2064 ,
1296 2027 1300 2031 -

232 2077 348 2148 XVII.
375 2076 431 2148 Ac
448 2077 561 2174 primi>
577 2080 620 2149 ab
645 2079 720 2175 ipso
736 2077 880 2150 Platone
897 2077 1111 2150 Aristoteles
1134 2085 1173 2148 et
1195 2075 1312 2150 Xeno·

184 2186 315 2262 crates3
350 2199 500 2274 quorum
528 2176 615 2248 aiter
641 2175 967 2272 Peripateticorum,
993 2178 1081 2248 alter
1110 2173 1312 2268 Academiae

186 2297 321 2347 nomen
347 2275 519 2348 obtinuit:
554 2276 681 2348 deinde
706 2276 750 2346 ab
779 2274 1005 2356 Antisthene,
1031 2275 1093 2370 qui
1111 2273 1312 2370 patientiam

183 2381 220 2444 ot
236 2373 397 2445 duritiam
413 2374 449 2444 in
468 2374 644 2446 Socratico
659 2397 821 2445 sermone
839 2374 988 2447 maxime
1006 2373 1189 2454 adamaret,
1201 2372 1309 2469 Cyni·

184 2469 216 2540 ci
245 2469 407 2564 primirm,
433 2471 564 2540 deinde
581 2471 711 2541 Stoici:
737 2479 814 2540 tum
840 2473 882 2542 ab
898 2471 1084 2567 AristippO,
1110 2470 1307 2568 quemiilae

180 2565 289 2659 magis
297 2563 498 2660 voluptariae
512 2565 765 2662 disputationes
779 2566 1007 2648 delectarunt,
1031 2569 1225 2665 Cyrenaica
1237 2567 1310 2666 phi·

175 2661 335 2758 ·loaophia
350 2664 510 2745 manarit,
535 2687 639 2760 quarn
655 2664 712 2735 ille
725 2676 763 2737 et
775 2665 849 2760 ejus
862 2667 989 2762 posteri
1003 2666 1207 2764 simpliciter
1224 2669 1240 2718 ⁵
1255 2668 1313 2740 de

180 2759 394 2849 iendemut3
420 2762 455 2843 ii,
472 2763 533 2858 qui
550 2787 647 2835 nuno
663 2763 841 2860 voluptate
862 2765 978 2837 omnia
999 2769 1205 2846 irretiuntur,
1221 2767 1309 2840 dum

180 2859 413 2933 verecundius
425 2860 461 2932 id
478 2869 676 2958 agonthea
697 2859 854 2956 dignitati
873 2863 1210 2956 satisfaciuntquam
1229 2885 1310 2937 non
1405 2929 1406 2946 ,

180 2969 420 3055 aspernantur,
438 2983 506 3031 nec
522 2960 736 3055 voluptatem
753 2969 913 3038 tuentur,
932 2985 1033 3057 quam
1046 2960 1231 3054 amplexari
1249 2977 1311 3036 vo·-
1405 2963 1406 2974 ³

180 3057 273 3129 lunt.
325 3059 489 3129 Fuerunt
501 3057 602 3130 etiam
625 3058 688 3129 alia
700 3083 828 3155 genera
839 3059 1132 3156 philosophorum,
1147 3056 1218 3129 lere
1242 3057 1310 3153 qni
1406 3136 1407 3145 ,

180 3179 219 3226 se
237 3179 359 3228 omnes
385 3155 580 3229 Socraticos
610 3181 687 3228 esse
713 3156 895 3244 dicebant3
922 3156 1213 3237 6Eretrieroorum,
1232 3154 1310 3229 He·

179 3253 360 3330 miliorum,
391 3254 659 3350 Megaricorum,
676 3254 977 3352 Pyrrhoneorum:
1003 3255 1065 3326 sed
1090 3277 1131 3324 ea
1145 3255 1163 3305 ⁷
1179 3253 1307 3329 horum

180 3352 212 3424 ri
230 3350 571 3454 etdisputatiouibus
587 3364 675 3427 sunt
686 3353 822 3450 jamdiu
834 3355 945 3428 fracta
961 3365 1000 3426 et
1016 3353 1211 3424 exstincta
1249 3357 1306 3427 Ex

179 3538 211 3576 ae
225 3536 345 3588 euinque
359 3520 389 3572 in
398 3527 513 3586 partem
527 3519 662 3585 dedisset,
677 3520 868 3589 omniumsur‘t
883 3516 979 3587 sacili
988 3521 1136 3589 praecepa,
1139 3516 1161 3588 )
1177 3514 1224 3586 iia,
1253 3519 1304 3592 pai

178 3606 245 3662 lraec,
257 3617 374 3668 puaenoa
382 3617 460 3653 nunc
471 3601 633 3669 querimus,
644 3603 1026 3666 tractarent,—--·-hot
1041 3617 1188 3654 commune
1202 3601 1302 3654 noman

179 3680 294 3744 eripuit.
337 3681 367 3736 N
371 3696 427 3735 uuc
441 3697 499 3736 vox
516 3681 547 3733 la
563 3675 769 3736 Nominativus
784 3689 831 3736 est
843 3695 927 3736 casus
941 3691 1008 3736 ante
1032 3679 1156 3736 verbum
1172 3680 1301 3746 eripuit,-

154 3775 236 3818 ,vox
252 3754 321 3810 verb
336 3762 372 3814 iis
393 3773 439 3814 est
464 3777 548 3816 casus
571 3756 708 3824 Dativus,
731 3755 783 3833 qui
796 3753 941 3832 regiturir
964 3761 1052 3816 verbo
1066 3761 1175 3824 crisima
1202 3771 1232 3814 et
1255 3755 1303 3814 cui

177 3839 353 3898 Praenomen
370 3841 420 3907 qui
440 3851 485 3895 cst
496 3839 661 3898 relativum.
682 3836 782 3897 Editio
797 3837 873 3894 Veri.
890 3837 1051 3908 Manutius,
1065 3833 1172 3912 aliique
1187 3847 1302 3896 veteres

177 3921 234 3976 hcc
247 3915 335 3974 modo
347 3914 559 3992 interpunguut
573 3917 757 3976 sententiam.

219 3998 439 4068 edesenderunt
456 3993 484 4073 r]
514 3999 558 4055 lta
583 3997 666 4058 MSti
687 3999 772 4055 Cant.
793 4008 824 4056 et
851 3995 942 4072 Wag.
962 3995 1165 4072 editionesquc
1178 3995 1258 4053 Veu.
1272 4005 1306 4074 at

177 4079 271 4138 Rawl.
313 4073 414 4151 Vulgi)
435 4077 629 4145 dcfinderunt.

218 4153 498 4234 sareanen-ura]
519 4159 623 4234 Vulgi>
649 4163 872 4222 Eretricorumr
903 4159 955 4215 sed
984 4157 1143 4216 lectionem
1164 4152 1302 4214 'Lambini

176 4239 361 4313 aliorumque
377 4254 501 4312 sequor:
523 4236 565 4294 sic
579 4237 657 4296 euim
675 4239 784 4296 Cicero
796 4238 825 4296 in
842 4240 932 4296 Acad.
954 4237 983 4294 ii.
999 4245 1045 4293 42.
1087 4239 1116 4292 A
1128 4237 1302 4303 Menedemo,

176 4317 250 4390 qnid
263 4319 288 4372 ia
299 4321 435 4374 Eretriae
440 4316 517 4385 fratr,
528 4316 669 4374 Eretriaci
682 4323 838 4389 appellati:
861 4316 926 4376 vide
937 4319 1028 4378 etiam
1043 4319 1090 4379 Cl.
1105 4313 1220 4371 Davisii
1231 4316 1301 4376 Not·

175 4397 211 4453 ad
229 4397 256 4450 T
261 4414 322 4451 use.
337 4397 421 4468 Disp.
435 4397 482 4454 lib.
498 4417 525 4452 v.
541 4417 565 4453 c.
580 4401 625 4451 39.
1193 4405 1196 4416 ’

217 4479 347 4530 7horum
361 4473 411 4554 υἱ]
432 4475 449 4532 i.
464 4497 490 4533 e.
510 4476 782 4551 Peripateticorum,
806 4478 1068 4547 Academicorum,
1084 4472 1254 4538 stoicorum
1274 4483 1303 4564 ei

176 4553 405 4628 Epicureorum,
416 4575 489 4631 quos
499 4559 624 4616 Crassus
634 4561 722 4633 paulo
735 4571 801 4618 ante
816 4571 1003 4622 memorarat.
