2808 5020
252 417 289 472 68
641 407 700 469 DE
718 405 924 470 ORATORE

244 559 320 630 tio:
346 579 463 658 neque
474 549 666 636 enim'sum
676 555 723 628 de
739 551 811 628 arta
823 556 994 636 dicturus,
1005 566 1110 652 quam
1126 579 1316 654 numquam

250 655 367 738 didici,
380 654 499 730 sedda
524 677 599 726 mea
612 653 887 728 cousuetudine:
914 653 1053 750 ipsaque
1081 654 1148 736 illa,
1175 655 1318 751 quaein

154 831 156 839 Α
250 753 542 830 commentarium
558 775 677 824 meum
692 749 808 829 retuli,
825 762 909 822 sunt
920 750 1099 843 ejusmodi,
1117 777 1189 826 non
1205 752 1320 850 aliqua

245 852 336 928 mihi
348 851 512 925 doctrina
524 847 659 930 tradita,
674 848 736 920 sed
752 848 790 920 in
806 846 923 920 rerum
938 871 1006 919 usu
1024 851 1221 947 caussisque
1234 860 1319 924 trao-

243 959 343 1036 tata;
367 973 452 1048 quae
465 949 493 1020 si
506 947 613 1028 vobis,
629 946 825 1020 hominibus
836 944 1087 1028 eruditissimis,
1114 971 1189 1020 non
1202 951 1320 1046 proba
1398 979 1399 1042 3

251 1051 393 1132 buntur,
406 1057 553 1126 uestram
570 1046 789 1143 iniquitatem
804 1053 1017 1123 accusatote,
1046 1044 1111 1140 qui
1131 1071 1176 1120 ex
1191 1072 1257 1120 me.
1276 1072 1322 1120 ea

252 1146 477 1242 qusesieritis,
495 1167 580 1239 quae
596 1169 661 1240 ego
679 1146 871 1225 nescirent
895 1167 1007 1217 meam
1023 1137 1224 1218 facilitatem
1245 1146 1323 1218 lau·

245 1245 382 1322 dstote,
394 1243 477 1316 crim
490 1242 598 1320 vobis,
622 1261 697 1314 non
713 1266 792 1314 meo
816 1241 957 1336 judicio,
987 1241 1049 1314 sed
1065 1253 1182 1315 vestro
1203 1243 1323 1316 studio

245 1337 431 1420 inductus,
444 1363 516 1410 non
530 1339 665 1435 gravate
683 1339 905 1435 respondero.
932 1341 1029 1418 Tum
1040 1339 1199 1423 Crassus,
1209 1343 1322 1438 Perge
1397 1373 1398 1380 ¹

254 1438 374 1522 modb,
387 1437 512 1534 inquit,
527 1436 690 1522 Antoni.;
713 1436 850 1509 nullum
872 1445 927 1510 est
943 1436 1038 1512 eninr
1050 1437 1256 1539 periculum,
1272 1465 1322 1512 ,ne

253 1537 341 1636 quid
354 1546 395 1609 tu
411 1537 585 1632 eloquare,
604 1536 671 1608 nisi
688 1535 738 1608 ita
753 1535 954 1632 prudenter,
983 1543 1022 1608 ut
1039 1535 1218 1610 neminem
1240 1561 1352 1620 nos,
1397 1531 1398 1574 3

254 1631 355 1732 triam
375 1634 542 1732 poeniteat
566 1634 610 1705 ad
623 1634 717 1707 hunc
734 1644 772 1706 te.
790 1657 990 1708 sermonem
1006 1634 1193 1732 impulisse.
1244 1633 1326 1747 Ego
1351 1723 1353 1726 Ι

254 1732 350 1815 verb,
379 1733 505 1830 inquit,
540 1755 689 1830 pergam,
714 1741 750 1804 et
763 1731 799 1804 id
814 1732 945 1813 faciam,
973 1733 1070 1831 qudd
1092 1733 1129 1806 in
1151 1733 1328 1830 principio

255 1833 328 1906 fieri
343 1832 380 1904 in
390 1831 549 1906 omnibus
563 1831 849 1928 disputationibus
861 1841 1022 1928 oportere
1032 1853 1172 1924 censeo,
1183 1841 1225 1906 ut
1235 1829 1326 1926 quid

256 1931 343 2001 illud
356 1931 412 2008 sit,
424 1929 469 1998 da
484 1954 558 2022 quo
578 1929 785 2022 disputetur,
815 1929 1054 2023 explanatum
1078 1953 1126 2001 ne
1150 1929 1260 2024 vagari
1288 1940 1327 2003 et

248 2049 368 2096 errare
385 2032 528 2118 cogatur
539 2024 660 2101 oratio,
674 2024 700 2093 si
719 2025 752 2102 ii,
762 2024 823 2117 qui
837 2025 931 2094 inter
946 2047 985 2094 se
998 2025 1235 2105 dissenserint,
1248 2051 1329 2102 non

250 2122 351 2194 idem
373 2145 450 2194 esse
461 2119 556 2198 illud,
569 2143 642 2215 quo
654 2119 698 2190 de
710 2119 837 2214 agitur,
852 2118 1070 2215 intelligent3
1095 2123 1328 2220 nancitor&
1391 2181 1395 2209 ι

254 2229 484 2322 quaereretur,
501 2241 583 2316 quae
595 2224 689 2290 esset
714 2241 768 2289 ars
779 2216 1006 2315 imperatoris,
1018 2247 1021 2254 ’
1035 2219 1328 2298 constituendum

250 2330 415 2418 'putarem
425 2317 604 2416 principio,
627 2317 707 2413 quia
720 2326 811 2389 esset
823 2317 870 2389 im
893 2319 897 2328 ’
917 2327 1026 2403 rator3
1053 2318 1114 2416 qui
1138 2318 1328 2397 crimessct

250 2417 497 2496 constitutus,
515 2413 788 2486 Administrator
805 2341 945 2512 quidcem
968 2415 1047 2488 belli
1065 2417 1219 2514 gerendi,
1247 2429 1328 2496 tum

255 2513 523 2608 adjungeremus
556 2510 600 2583 de
626 2513 795 2593 exercitu,
826 2513 869 2585 de
896 2513 1027 2596 castris,
1055 2515 1099 2588 de
1114 2515 1327 2614 agminibus,

188 2681 193 2692 ,
250 2609 305 2681 ds
337 2611 516 2706 signorum
550 2609 800 2692 collationibus,
830 2611 874 2684 dc
913 2612 1119 2710 oppidorum
1151 2639 1328 2714 oppugna·

259 2709 428 2788 tionibus,¹
473 2707 517 2780 de
544 2717 752 2791 commeatu,
784 2711 828 2783 de
850 2709 985 2784 insidiis
1003 2712 1183 2790 ¹faciendis
1218 2725 1327 2812 atque

252 2807 425 2887 vitandis,
442 2808 487 2880 de
504 2806 645 2902 reliquis
658 2809 770 2890 rebus,
780 2833 863 2904 quoe
875 2819 995 2882 essent
1003 2812 1154 2908 propriae
1172 2812 1253 2884 belli
1266 2814 1327 2888 ad-

259 2905 500 2978 ministrandi:
526 2929 671 3001 quarum
683 2906 745 3003 qui
761 2917 877 2978 essent
888 2906 1003 2979 animo
1018 2917 1055 2979 et
1071 2909 1216 2982 scientia
1233 2937 1328 2984 com·
1393 2956 1394 2984 ι

259 3013 372 3101 potes,
398 3027 457 3075 eos
472 3004 788 3101 esseimperatores
810 3002 982 3078 dicerem:
1008 3013 1194 3101 utererque
1210 3032 1328 3084 exem·

258 3101 327 3199 plis
339 3101 584 3174 Africanorum
598 3110 634 3173 et
650 3102 903 3175 Maximorum:
929 3103 1210 3200 Epaminondam
1221 3115 1326 3204 atque

260 3200 481 3283 Annibalem,
514 3210 617 3298 atque
642 3195 717 3296 ejus
747 3199 882 3297 generis
911 3201 1068 3277 homiues
1096 3202 1326 3280 nominarem.
1391 3221 1395 3279 l

256 3297 323 3369 sm
335 3305 451 3368 autem
469 3321 715 3392 quaereremus,
733 3299 810 3394 quis
826 3300 972 3380 essetis,
994 3301 1055 3398 qui
1070 3300 1114 3374 ad
1128 3302 1325 3400 Rempubli-
1394 3337 1395 3354 κ

258 3419 339 3470 cam
347 3395 593 3468 ‘moderandam
610 3421 711 3469 usum
727 3407 763 3468 et
785 3396 962 3472 scientiam
978 3409 1015 3472 et
1040 3399 1198 3474 studium
1208 3425 1320 3478 'suum

259 3490 479 3570 contulisset,
494 3491 676 3564 delinirem
693 3493 761 3566 hoc
775 3495 891 3576 modo,
908 3497 994 3579 Qui,
1012 3497 1136 3594 quibus
1147 3501 1250 3573 rebus
1260 3501 1325 3573 uti·
1394 3544 1395 3548 =

261 3591 340 3666 litas
352 3588 565 3687 Reipublicae
582 3601 756 3686 pararetur
768 3603 1036 3691 augereturque,
1051 3605 1199 3678 teneret,
1215 3597 1323 3696 iisque

262 3697 432 3768 uteretur,
449 3687 544 3761 hunc
562 3687 773 3786 Reipublicae
803 3703 974 3766 rectorem
996 3702 1035 3766 et
1049 3694 1183 3768 consilii
1199 3695 1323 3792 publici

262 3794 445 3858 auctorem
477 3787 555 3860 esse
570 3787 794 3862 habendum:
820 3791 1124 3888 praedicaremque¹
1140 3793 1180 3866 Ρ.
1193 3795 1324 3870 Lentu·

206 3919 213 3938 *
262 3883 350 3963 lum,
386 3883 552 3981 rincipcm
569 3884 679 3968 illum,
695 3888 829 3960 etTib.
843 3886 1042 3964 Gracchum
1059 3901 1257 3987 patrem-et
1274 3891 1321 3973 Q.

263 3907 463 4062 Metellum,
480 3991 516 4053 et
531 3984 570 4054 P.
583 3982 798 4066 Africanum,
816 3986 907 4059 etC‚
925 3986 1097 4070 Laelium,
1113 4001 1150 4064 et
1161 3989 1322 4064 innume·

263 4079 384 4157 rabiles
412 4079 498 4154 alios
524 4104 603 4155 cum
630 4107 676 4155 ex
701 4092 823 4156 nostra
839 4083 990 4166 civitate,
1005 4095 1096 4160 'tum
1113 4111 1157 4160 cx
1174 4089 1320 4162 caeteris.
1393 4121 1394 4150 a

263 4178 327 4251 Sin
344 4188 462 4250 autem
472 4181 877 4278 quaeteretur,quisuam
888 4183 1160 4280 jurisconsultus
1173 4187 1254 4262 vere
1266 4212 1323 4262 uo
1393 4181 1394 4214 ³

264 4276 467 4355 minaretur,
489 4277 570 4348 eum
586 4277 749 4360 dicerem,
772 4281 849 4364 Qui
865 4281 983 4378 legum
1000 4291 1037 4355 et
1058 4275 1321 4360 consuetudinis

263 4373 347 4467 ejus,
364 4399 433 4472 qua
443 4374 563 4471 privati
586 4376 620 4447 in
638 4376 784 4479 civitate}
793 4389 988 4464 uterentur,
1005 4389 1040 4454 et
1053 4381 1097 4454 ad
1113 4384 1321 4480 respondeu-

264 4471 360 4560 dum,
378 4481 415 4554 ct
426 4473 470 4550 ad
485 4474 672 4578 agendum,
683 4487 721 4568 et
731 4477 988 4566 adcavendum,
1002 4479 1135 4588 peritus
1155 4490 1270 4564 esset:
1286 4488 1320 4594 et
