2854 5016
525 253 694 370 LLBEU
715 301 759 370 ³⁹·
807 321 815 374 1
1082 303 1085 309 '
1158 297 1196 354 ⁵⁷

97 487 101 492 ·
128 447 255 524 Romae
271 442 413 519 exulare
427 438 484 540 jus
500 453 605 528 esset,
632 446 661 520 si
677 468 715 520 se
735 443 779 518 ad
794 442 945 540 aliquem
970 441 1069 540 quasi
1085 452 1196 540 patro

126 557 218 620 mim
234 542 483 645 applicavisset,
511 541 753 640 intestatoque
768 553 862 614 esset
878 552 1045 624 mortuus,
1075 538 1197 613 no'nne

127 647 353 718 ineaoaussa
357 641 413 738 jus
423 640 674 737 applicationis,
685 645 871 714 obscurum
884 641 966 714 sane
979 651 1014 713 et
1023 642 1196 738 ignotum,

129 747 344 841 patefactum
359 738 539 835 injudicio
554 747 660 836 atque
682 739 891 812 illustratum
911 747 966 812 est
983 743 1003 812 a
1020 735 1197 838 patrono?

130 840 259 926 Quid?
281 865 390 938 nuper
413 839 499 922 edm
512 861 577 934 ego
593 841 634 908 C.
652 837 763 935 Sergii
778 838 927 910 Auratae
955 847 1073 912 contra
1099 839 1198 912 huno

131 957 291 1012 nostrum.
309 938 512 1010 Antonium
539 936 671 1034 judicio
692 937 825 1032 privato
855 961 1010 1010 caussam
1037 935 1199 1010 deiende·

129 1063 215 1119 rem,
232 1061 358 1108 nonne
375 1037 486 1108 omnis
503 1042 621 1108 nostra
642 1034 681 1106 in
693 1035 772 1131 jure
788 1045 920 1106 versata
935 1035 1096 1109 defensio
1123 1031 1198 1106 est?

126 1137 212 1210 oinn
222 1135 321 1208 enim
333 1135 466 1209 Marius
478 1133 700 1206 Gratidianus
709 1132 806 1205 aedes
819 1133 964 1206 Auratae
976 1133 1198 1212 vendidisset,

129 1240 146 1286 1
160 1249 281 1328 neque
298 1234 423 1307 servire
434 1233 608 1332 quandam
621 1256 745 1304 earum
757 1229 889 1304 aedium
903 1239 1035 1326 partem
1047 1232 1084 1306 in
1105 1257 1197 1306 man·

130 1331 210 1428 oipii
227 1331 303 1428 lege
315 1333 467 1414 dixisset,
495 1331 777 1411 defendebamus,
806 1327 974 1424 quiequid
1002 1330 1123 1403 suisset
1147 1330 1198 1402 in-

127 1428 304 1504 commodi
318 1433 357 1504 in
369 1427 555 1527 mancipio
572 1429 618 1510 id,
647 1428 674 1499 si
690 1423 851 1500 venditor
864 1425 988 1499 scisset
1010 1454 1125 1526 neque
1142 1429 1199 1498 de-

125 1526 301 1612 clarasset,
312 1539 481 1627 praestare
499 1529 635 1600 debete.
685 1525 774 1607 Quo
790 1523 934 1622 quidem
946 1524 983 1598 in
1000 1551 1129 1624 genere
1153 1527 1198 1598 sa·

124 1626 269 1724 miliaria
295 1637 417 1700 noster
429 1627 486 1702 M.
501 1625 724 1702 Buecuteius
737 1625 840 1696 homo
853 1647 969 1720 neque
981 1649 1062 1697 meo
1069 1623 1199 1722 judicio

122 1725 275 1806 stultus
304 1735 342 1798 et
360 1751 422 1802 suo
434 1724 534 1798 vaide
555 1724 704 1822 sapiens,
731 1732 767 1795 et
790 1719 907 1816 ajuris
923 1722 1039 1797 studio
1056 1733 1128 1797 non
1144 1723 1205 1793 ab·-

129 1823 287 1902 horrens,
305 1824 408 1918 simili
420 1825 460 1894 in
472 1848 511 1893 re
528 1819 782 1917 quodammodo
808 1844 921 1916 nuper
936 1821 1080 1911 erravit3
1104 1845 1199 1898 nam,

128 1917 215 2003 jorim
228 1918 326 1990 aedes
343 1923 385 1992 L.
402 1920 511 1991 Fusio
526 1919 706 2002 venderet,
719 1918 787 1990 ain·
796 1919 969 2016 mancipio
980 1919 1120 2004 lumina,
1145 1917 1205 1998 nti,

128 2027 206 2090 turn
223 2025 352 2100 essent,
363 2016 411 2088 ita
422 2017 555 2116 recepit
564 2043 575 2101 ;
601 2018 729 2090 Fusius
741 2027 871 2114 autem,
885 2018 987 2092 simul
1001 2031 1105 2116 atque
1116 2017 1199 2092 aedi-

125 2167 292 2230 Romanus„
305 2144 393 2243 hujus
407 2171 556 2236 patronus,
571 2158 639 2236 ejus
652 2159 848 2218 hereditatem
864 2159 1019 2234 postulavit
1028 2164 1106 2233 apud
1121 2164 1198 2221 Cen·

127 2245 283 2314 tumviros3
307 2241 342 2300 ea
354 2243 391 2298 de
402 2239 518 2308 caussis,
542 2239 627 2316 quod
639 2239 694 2296 iste
716 2238 893 2314 peregrinus
908 2240 946 2296 ad
959 2239 1058 2314 ipsum
1071 2241 1198 2316 applica·

125 2317 222 2383 visset
235 2341 318 2408 sese!
328 2333 360 2381 et
371 2318 463 2404 teinti
488 2317 549 2396 ipsi
563 2316 712 2379 dedissete
733 2321 800 2378 Hoc
819 2323 872 2395 jae
897 2322 1090 2387 applicationis
1116 2331 1200 2385 vocnt

124 2403 245 2462 Cicero.
303 2427 306 2436 ·
613 2413 615 2418 ’

171 2490 181 2540 l
205 2503 297 2556 neque
319 2477 440 2560 sirvire]
460 2477 544 2539 Audi
555 2477 735 2539 Ciceronem
749 2480 848 2557 ipsum
859 2477 954 2540 fusiits
966 2481 1003 2539 de
1017 2481 1071 2540 hac
1096 2477 1200 2542 causei

123 2567 310 2640 loquentem,
325 2563 361 2620 de
375 2560 437 2621 Off.
453 2558 493 2618 iii.
514 2566 558 2618 16.
598 2561 644 2615 Μ.
662 2562 779 2616 Mariae
804 2562 1005 2629 Gratidianus,
1014 2567 1200 2634 ltttojtt'nqttua

10 2665 11 2704 t
112 2655 242 2710 noster,
254 2644 287 2696 C.
304 2642 404 2712 Sergio
422 2642 519 2696 Orate
529 2643 699 2700 vendiderat
719 2643 789 2697 adet
809 2659 867 2718 ecta,
891 2643 1007 2715 quoted
1031 2645 1125 2697 eodem
1138 2645 1200 2710 ittre

122 2725 236 2792 'jtaucis
251 2732 318 2776 onte
338 2723 421 2776 annis
436 2725 563 2774 cnseret:
583 2723 622 2773 itae
637 2721 737 2790 Sergio
753 2724 931 2785 serviebant,
944 2721 995 2775 sed
1014 2724 1064 2774 ltoc
1078 2722 1108 2772 in
1121 2737 1199 2774 matt-

129 2804 206 2870 cilrio
223 2801 344 2858 Mariua
368 2819 423 2856 non
438 2799 578 2857 dixerut:
596 2801 723 2860 adtacta
736 2817 785 2855 ree
800 2800 978 2871 injuriatum
988 2809 1053 2853 eat:
1078 2798 1200 2853 Oratam

128 2875 267 2948 'Crassum
285 2879 492 2936 Gratidianum
503 2877 672 2946 defendebat
683 2882 848 2936 Antonine:
863 2879 917 2936 Jtttt
931 2877 1054 2933 Crdtrwe
1068 2880 1201 2948 urgebat,

128 2963 207 3031 qnod
219 2961 326 3017 vitium
346 2961 486 3016 venditor
498 2973 556 3010 non
570 2959 696 3015 dixisset
720 2963 822 3028 aciens,
844 2962 876 3015 iti
899 2966 1032 3028 oportere
1040 2960 1200 3028 prestari:

128 3043 314 3114 AEquittrtem
329 3039 492 3102 Atttonittst
513 3040 643 3106 quoniam
656 3040 687 3093 id
705 3041 811 3094 vitiant
824 3041 956 3110 ignotum
971 3037 1203 3106 Sergtoaonsu·

127 3122 210 3186 isset,
221 3123 271 3192 qui
281 3121 346 3174 illas
360 3120 430 3175 edes
441 3117 630 3186 vendidisset,
646 3118 818 3189 nihilfttt'aee
831 3133 956 3174 neeesse.
967 3117 1025 3168 dici
1039 3137 1051 3178 ,·
1072 3131 1200 3170 neo-eum

131 3213 194 3254 esse
208 3201 367 3266 deceptum,
382 3198 484 3268 quiid,
499 3198 575 3265 qnod
584 3209 704 3267 emer-ot,
716 3197 845 3268 qnojure
855 3204 940 3260 esset,
956 3203 1077 3250 teneret.
1114 3192 1200 3252 =Vide

130 3277 204 3334 Not.
221 3291 320 3333 meam
333 3279 369 3334 ad
381 3278 435 3333 loc.
447 3273 804 3334 AEdesdiennturservire
814 3273 867 3343 itti,
877 3271 936 3345 etti,
946 3273 1018 3330 dnm
1026 3273 1200 3342 venduntur,

127 3353 300 3413 ‘conditione
315 3367 434 3414 cantum
445 3365 499 3422 est,
509 3365 543 3412 nt
564 3353 690 3430 singulis
711 3353 792 3411 armis
806 3351 963 3428 pecuniam
975 3355 1119 3428 quandam
1134 3371 1201 3426 per·

130 3437 252 3504 solvant,
266 3446 316 3492 aut
336 3449 368 3492 ut
383 3433 432 3492 ilie
443 3432 496 3511 jtts¹
504 3432 620 3509 aliquod
634 3435 666 3492 in
678 3434 715 3492 iis
727 3435 840 3494 habeat.
881 3431 959 3492 Vide
983 3433 1053 3492 Not.
1062 3433 1099 3490 ad
1114 3433 1201 3490 verba
1254 3456 1258 3466 f

129 3515 159 3574 in
174 3517 253 3572 rutis
268 3525 296 3569 et
311 3513 438 3584 c'aesia'ii.
455 3521 501 3568 5⁵.
825 3521 827 3526 ’
1075 3559 1076 3564 ,
1101 3551 1103 3556 .
1118 3569 1119 3574 1

169 3598 241 3650 nin
255 3595 418 3671 mancipio]
448 3592 556 3650 iterio
580 3593 743 3653 venditione
767 3592 899 3652 aediumt
920 3590 1126 3652 Controversia
1151 3590 1205 3651 illa

129 3672 305 3751 hujusmodi
330 3673 406 3732 fuit:
433 3670 716 3739 succussionem
739 3674 881 3732 venderet-
907 3673 988 3732 aedee
1012 3691 1079 3730 snas
1100 3671 1202 3740 Fusio,

131 3755 198 3810 itaec
209 3753 301 3812 ‘verba
315 3753 344 3810 in
357 3752 493 3828 pactione
505 3747 594 3810 scribi
612 3753 710 3820 voluit,
725 3755 851 3810 Lentim
866 3753 900 3827 (i.
914 3772 941 3810 e.
955 3751 979 3808 F
980 3753 1135 3832 coeternas),
1157 3757 1201 3812 uti

124 3850 204 3910 'nunc
214 3843 293 3901 aunt,
305 3836 490 3910 itarerijrmr
504 3829 614 3905 quibus
627 3831 725 3888 verbis
733 3832 763 3890 id
773 3849 865 3889 tanum
876 3832 906 3889 in
919 3851 951 3890 se
962 3832 1102 3906 suscepit,
1111 3843 1201 3889 utne·

130 3910 197 3985 qnia
209 3909 323 3970 vicinus
339 3926 454 3970 ‘aarum
478 3912 671 3968 fenestrarum
694 3929 782 3969 usum
795 3911 844 3967 tei
857 3913 982 3981 tolleret,
1006 3915 1056 3972 vel
1069 3908 1202 3976 aedificiis

128 3989 281 4047 altioribus
294 3993 472 4066 obscuraret.
515 3993 549 4048 in
571 3989 626 4046 hoe
655 3990 836 4048 Bnecttleiua
858 3992 976 4062 errarit,
1003 3990 1082 4066 qnod
1103 3986 1201 4048 verbis

128 4067 277 4148 ambiguis
291 4085 364 4128 usus
377 4083 477 4138 essert
496 4087 565 4126 nam
576 4069 730 4128 Fusius'ei
744 4070 825 4127 iitem
844 4069 975 4139 intendit,
1003 4067 1092 4126 simul
1114 4074 1200 4136 atque

129 4147 269 4206 aedificari
293 4163 428 4224 coeptum
442 4161 487 4207 est
502 4151 533 4206 in
546 4147 672 4224 quedam
691 4148 842 4207 remotiori
869 4151 950 4212 urbis
963 4159 1054 4224 parte,
1076 4159 1143 4214 (11¹oe
1158 4160 1201 4200 ex

131 4228 254 4297 aedibns,
266 4242 341 4306 quas
351 4225 613 4304 emetat,conspiei
626 4242 744 4304 posset:
760 4227 830 4306 Egit
839 4229 929 4306 igitur
942 4239 1014 4285 cum
1028 4221 1199 4288 Bueculeio‚

132 4306 272 4388 quiajam
285 4325 325 4370 ex
339 4310 399 4368 iiiia
410 4308 523 4368 aedibus
534 4325 590 4367 non
604 4307 684 4366 idem
698 4322 758 4368 etat
773 4309 840 4368 coeii
855 4317 1026 4383 prospectus
1049 4297 1139 4378 erint
1149 4300 1200 4360 ille

658 4387 768 4460 1„
