2808 5020
509 387 641 452 steen
654 389 695 454 11.
716 395 761 456 st.
1021 423 1025 431 ·
1116 397 1168 451 iss

75 552 163 621 nota
179 543 240 624 tit,
256 539 275 612 i
286 534 472 634 diligentia
494 546 551 616 est
562 557 573 610 ε’
597 549 639 612 ut
651 535 882 614 aduersarium
897 537 1034 614 attenti
1059 541 1172 620 audis·

76 668 156 716 mus
169 651 272 738 atquc
284 646 326 711 ut
341 635 417 734 ejus
432 653 508 708 non
520 635 635 710 solinu
650 636 853 718 sententias,
877 635 939 712 sed
954 636 1057 711 etiam
1070 642 1171 714 verba

77 741 200 815 omnia
211 737 431 836 excipiamus,
445 732 574 806 uultus
598 734 755 830 denique
780 735 1020 832 perspiciamus
1035 761 1170 818 omnes,

76 840 140 938 qui
155 861 277 914 sensus
292 833 398 912 animi
420 831 627 932 plerumque
651 832 819 914 indicant,
844 833 1108 930 diligentiaest;
1135 837 1172 912 id

75 949 194 1014 tarnsn
209 935 471 1011 dissimulantur
491 930 616 1012 tacere,
641 955 687 1004 ne
706 931 769 1006 sibi
786 931 844 1006 ille
860 933 990 1030 aliquid
1006 935 1172 1032 proficere

75 1037 241 1118 videatur,
279 1030 466 1132 prudentis
491 1040 566 1109 est:
592 1029 734 1112 deinde,
759 1041 799 1103 ut
824 1030 862 1104 in
892 1030 934 1108 iis
962 1032 1059 1113 locis,
1084 1057 1173 1128 quos

73 1149 264 1234 [reponam
280 1132 488 1230 paulopost,
512 1129 888 1226 pervolvaturanimus,
912 1137 953 1204 ut
973 1155 1010 1206 se
1031 1137 1172 1228 penitus

72 1235 232 1308 insinuet
247 1233 285 1304 in
308 1232 473 1312 sensnm,
489 1241 530 1302 ut
552 1229 598 1302 sit
619 1247 705 1300 cura
719 1237 758 1302 et
773 1227 984 1324 cogitatione
1000 1229 1172 1312 intentus,

72 1331 255 1429 diligentia
270 1339 349 1414 est3
374 1341 413 1403 ut
429 1328 481 1402 his
494 1329 596 1400 rebus
605 1325 776 1406 adhibeat,
794 1334 969 1422 tamquam
983 1329 1105 1402 lumen
1117 1330 1173 1404 sli-

72 1431 181 1526 quod,
197 1427 408 1511 memoriam,
434 1432 473 1500 ut
487 1451 620 1506 vocem,
645 1437 686 1496 ut
702 1425 812 1497 vires:
838 1425 916 1498 hseo
931 1449 1058 1522 magna
1075 1439 1173 1500 sunt.

71 1529 175 1602 Inter
191 1529 373 1626 ingenium
389 1526 532 1623 quidem
547 1535 585 1596 et
610 1522 824 1620 diligentiam
840 1525 1091 1620 perpaullulurn
1105 1525 1173 1602 loci

71 1627 249 1724 reliquum
266 1635 322 1699 est
337 1625 423 1698 arti:
449 1649 504 1697 ars
532 1625 753 1696 demonstrat
777 1620 914 1694 tantum
941 1623 998 1695 ubi
1025 1645 1172 1720 quaeras,

72 1725 251 1822 atque'ubi
263 1726 307 1797 sit
321 1724 419 1806 illud,
435 1723 533 1820 quod
544 1721 689 1795 studeas
701 1718 875 1794 invenire:
900 1720 1033 1818 reliqua
1043 1733 1123 1795 sunt
1135 1723 1172 1796 in

72 1849 168 1904 cura,
184 1821 379 1896 attentione
396 1821 513 1901 ammi,
529 1819 751 1916 cogitatione,
765 1818 949 1913 vigilantia,
962 1821 1173 1902 assiduitate,

76 1921 194 1996 labore
202 1919 424 2017 ,complectar
438 1943 513 1992 nno
528 1919 643 1996 verbo,
669 1940 740 2012 quo
762 1939 854 2014 saepe
866 1917 934 2013 jam
959 1919 1025 1992 utsi
1042 1942 1172 2020 sumus,

74 2016 259 2114 diligentia.
265 2050 275 2108 3
303 2043 371 2113 qua
396 2041 466 2090 una
490 2018 620 2090 virtute
635 2038 755 2086 onmes
769 2013 917 2108 ¹virtutes
933 2017 1076 2114 reliquae
1093 2043 1174 2091 con

74 2117 246 2189 tinentur.
282 2117 375 2188 Nam
384 2115 549 2188 orationis
562 2113 705 2210 quidem
716 2113 826 2209 copia,
837 2115 1005 2196 videmus,
1016 2128 1056 2189 ut
1069 2119 1174 2190 abun·

14 2205 16 2278 l
74 2215 164 2286 dent
180 2214 386 2312 philosophi,
407 2215 481 2310 qni,
502 2225 545 2286 ut
557 2213 682 2308 opinor
695 2211 777 2303 (sed
794 2224 834 2282 tu
849 2213 940 2291 haec,
955 2215 1092 2294 Catule,
1104 2239 1170 2288 mc·

14 2287 16 2418 i
71 2312 158 2404 lius)
171 2309 1065 2410 nulladantpraeoeptadioendi,neoidcircominhs,
1079 2335 1175 2408 quse·

14 2419 16 2438 ³
69 2433 225 2508 cumque
242 2433 299 2484 res
317 2410 493 2509 proposita
508 2419 577 2490 est,
591 2407 802 2506 suscipiunt,
826 2407 869 2482 de
884 2433 954 2506 qua
969 2410 1109 2508 copiose
1125 2419 1174 2500 et
1269 2440 1272 2446 ·

70 2510 290 2584 abundanter
306 2511 505 2606 loquantur.

119 2605 290 2680 XXXVI.
313 2607 584 2688 TumCatnlus,
600 2609 676 2687 Est,
703 2604 831 2704 inquit,
853 2616 893 2680 ut
908 2608 1007 2690 dicis
1024 2608 1172 2696 Antoni,

69 2713 114 2778 ut
130 2705 290 2800 plerique
307 2705 498 2802 philosophi
515 2705 615 2776 nulla
627 2705 764 2776 tradant
781 2716 956 2801 praesepta
968 2707 1120 2786 dicendi,
1135 2721 1174 2784 et

69 2803 223 2879 habeant
239 2811 391 2898 paratum
405 2813 532 2883 tumen,
553 2802 699 2898 quidde
715 2828 857 2900 quaque
870 2829 907 2874 ee
926 2802 1054 2878 disant.
1104 2806 1174 2878 Sed

14 2895 16 2990 ἶ
40 2993 42 3000 Ι
69 2900 288 2984 Aristoteles,
304 2901 461 2997 inquens
471 2901 621 2991 nissimi
636 2926 701 2998 ego
710 2901 871 2982 admiror,
883 2899 1060 3000 proposuit
1071 2927 1174 2997 quos-

14 2999 15 3024 ³
71 2999 152 3074 dam
168 3000 277 3082 locos,
303 2999 485 3095 exquibus
500 3000 828 3094 onmisargnmenti
844 3000 896 3072 via
918 3023 992 3073 non
1006 2997 1112 3072 modb
1130 3003 1173 3075 ad

74 3098 358 3196 philosophorum
371 3097 660 3194 disputationem,
676 3099 740 3172 sed
755 3101 859 3174 etiam
875 3099 919 3172 ad
935 3101 1034 3180 hanc,
1052 3123 1119 3195 qus
1136 3101 1173 3174 in
1209 3191 1210 3196 ἵ

14 3223 16 3296 f
73 3195 203 3270 caussis
219 3195 363 3277 utimur,
390 3195 625 3284 inscensum
651 3197 673 3266 ὲ
693 3222 766 3292 quo
778 3199 923 3294 quidem
938 3195 1081 3270 bomine
1090 3198 1174 3295 jam·
1275 3251 1276 3260 κ

14 3297 15 3312 ³
74 3294 218 3376 dudum,
235 3293 386 3376 Antoni,
402 3318 478 3366 non
488 3295 628 3366 ¹aberrat
640 3294 752 3366 oratio
762 3304 845 3368 tua:
870 3296 941 3368 siue
957 3305 997 3368 tu
1013 3297 1175 3372 similitu·

14 3391 16 3460 ξ
74 3391 155 3464 dine
170 3393 263 3466 illius
274 3391 388 3465 divini
405 3390 538 3488 ingenii
554 3391 592 3467 tn
609 3389 728 3464 eadem
744 3393 892 3469 incurris
911 3395 1078 3490 vestigia3
1103 3399 1173 3470 sive

73 3489 177 3563 etiam
193 3491 252 3564 ills
268 3487 475 3588 ipsa-legisti
488 3499 597 3586 utque
609 3489 773 3564 didicisti:
800 3494 895 3588 quod
912 3493 1052 3590 quidem
1066 3495 1173 3592 magis

73 3588 256 3661 verisimile
271 3588 429 3670 videtur:
454 3589 536 3686 plus.
550 3585 644 3662 mem
668 3597 705 3661 te
730 3615 846 3688 operae
872 3593 1011 3666 Graeuis
1030 3593 1173 3668 dedisse
1247 3687 1249 3689 ,

71 3689 176 3758 rebus
190 3687 304 3766 video,
316 3687 424 3782 quarn
433 3697 644 3784 putaremus.
694 3689 791 3762 Turn
802 3689 874 3771 ille,
889 3693 1034 3772 Verum,
1046 3693 1173 3790 inquit,

70 3807 121 3854 ex
136 3807 192 3854 me
208 3783 337 3864 audies,
362 3785 489 3858 Catule
498 3811 520 3869 '3¹
536 3807 674 3883 sernper
702 3812 769 3882 ego
785 3788 977 3862 existimaui
990 3791 1173 3888 jucundis

73 3905 154 3952 rem
170 3888 208 3951 et
224 3881 482 3974 probabiliorem
497 3883 580 3958 huic
597 3886 724 3982 populo
741 3895 912 3958 oratorem
923 3888 1010 3972 fore,
1033 3892 1092 3988 qui
1109 3889 1174 3985 pri-

72 3978 175 4052 mrim
186 3979 293 4074 quern
304 3979 619 4057 minimamartifieii
630 3983 782 4079 alicujus,
795 3983 1173 4060 deindenullamGrse·

76 4099 202 4152 carum
215 4097 330 4148 rerum
343 4077 629 4175 signifieationem
640 4083 761 4157 daret:
780 4092 892 4182 atque
903 4109 970 4181 ego
979 4086 1070 4156 idem
1086 4079 1172 4149 exis·

116 4215 134 4264 4
148 4211 299 4281 diligentie
314 4219 358 4265 est
372 4205 400 4286 r]
413 4213 457 4271 Ut
470 4211 626 4289 prioepsrs
640 4209 792 4272 sententies
804 4213 850 4272 his
866 4212 960 4272 verbis
982 4213 1054 4267 bene
1067 4222 1171 4264 convc-

76 4283 164 4355 niret,
191 4287 268 4364 legit
277 4285 351 4346 olim
365 4289 413 4346 vis
426 4291 542 4368 quidam
554 4297 659 4352 doctus
668 4294 821 4364 diligentia
835 4294 939 4366 efficit:
952 4290 1009 4345 Sed
1024 4285 1095 4344 nihil
1107 4305 1172 4345 mu·

76 4367 198 4426 medum
208 4387 325 4435 censeo,
349 4387 418 4426 curn
427 4389 465 4428 as
477 4370 712 4446 praecedentibus
733 4372 885 4432 sententiae
897 4385 1002 4425 sensus
1014 4369 1069 4424 hoc
1083 4369 1172 4425 modo

78 4446 209 4534 sppplcri
221 4449 312 4524 possit
321 4451 471 4524 diligentia
485 4465 535 4522 ear,
560 4470 621 4524 quae
631 4456 817 4522 assequitur:
833 4449 888 4508 nisi
901 4442 997 4524 posits
1011 4447 1172 4536 legendum

79 4537 117 4585 rut
127 4523 177 4588 hic
189 4527 639 4608 estnseqsentibusanigenrrae
653 4535 856 4604 et‘prudeer'iae.
969 4533 972 4536 '
