2854 5016
517 415 664 480 'trouu
682 417 708 476 1.
728 424 773 474 ra.
1141 419 1172 470 n

115 627 119 634 ,
156 563 244 652 ΧΠ.
269 561 371 648 Quid
395 581 478 655 ergo
493 559 659 630 interest?
684 573 745 634 aut
768 558 1021 657 quidisoernes
1038 583 1172 641 eorum,

102 685 197 756 quos
209 659 399 736 nominavi,
424 659 615 730 ubertatem
626 657 665 726 in
678 656 828 730 dicendo
849 668 885 730 et
896 659 1038 756 copiam,
1063 661 1174 732 abeo·

102 781 185 830 rmn
203 760 368 836 exilitate,
381 753 440 852 qui
458 753 523 826 hac
536 753 674 854 dicendi
688 755 852 828 varietate
867 765 905 827 et
913 758 1083 852 elegantia
1099 782 1172 831 non

104 853 281 930 utuntur?
307 854 429 925 Unum
439 851 507 924 erit
521 848 692 948 proieotd,
710 853 805 951 quod
815 852 849 935 ii,
863 853 923 949 qui
938 855 1173 935 benedicunt,

102 952 256 1026 afferunt
278 949 456 1048 proprium
471 979 480 1035 ;
506 949 731 1045 compositam
745 952 939 1024 orationem
957 961 1172 1034 stornatum,

101 1057 143 1120 et
155 1049 298 1123 artificio
308 1049 461 1146 quodam
473 1057 511 1120 et
523 1047 736 1144 expolitione
752 1047 963 1126 distinctam.
1014 1049 1173 1126 Haecau-

101 1147 313 1248 temeratio,
330 1147 358 1218 si
374 1169 429 1218 res
445 1171 522 1219 non
537 1147 655 1226 subest
666 1147 710 1216 ab
723 1157 857 1220 oratore
869 1158 1034 1245 percepta
1045 1159 1082 1222 et
1099 1173 1174 1246 cog·

100 1245 190 1327 nita,
218 1252 280 1316 aut
305 1245 398 1338 mdla
423 1245 470 1318 sit
496 1267 642 1317 necesse
666 1253 731 1325 est,
756 1255 818 1318 aut
833 1248 991 1320 omnium
1016 1246 1173 1318 irrisione

100 1339 251 1416 ludatur.
284 1431 285 1434 Ἴ
302 1343 403 1425 Quid
412 1353 466 1416 est
475 1343 569 1416 enirn
580 1352 650 1415 tam
659 1341 844 1424 furiosum,
865 1349 973 1441 qudm
994 1347 1175 1418 verborum

100 1439 155 1511 vel
166 1443 375 1538 optimorum
386 1451 493 1538 atque
502 1441 802 1515 ornatissimorum
813 1442 952 1516 sonitus
963 1443 1086 1522 inanis,
1099 1441 1175 1514 nul·

99 1535 298 1634 lasubjeota
315 1541 492 1614 sententia
509 1565 579 1612 neo
587 1538 759 1613 scientia?
782 1538 966 1636 Quicquid
979 1540 1046 1620 erit
1056 1539 1175 1635 igitur,
1236 1606 1239 1612 .

74 1642 79 1651 '
98 1634 323 1735 quacumque
335 1663 380 1710 ex
392 1633 478 1720 arte,
492 1663 716 1736 quocumque
727 1637 774 1709 de
790 1661 929 1734 genere,
946 1635 1174 1716 idsoratormi,

98 1743 283 1834 tamquam
296 1737 438 1810 clientis
453 1759 624 1814 caussam,
639 1735 809 1816 didicerit,
822 1737 914 1808 dicet
926 1735 1052 1808 melius
1067 1743 1104 1806 et
1122 1759 1174 1806 or·

97 1831 230 1914 natiue,
256 1833 370 1931 quim
385 1835 442 1906 ille
458 1835 531 1926 ipse
554 1833 628 1924 ejus
648 1832 699 1901 rei
721 1833 886 1902 inuentor
911 1843 1016 1924 atque
1042 1831 1175 1900 artifex.

99 1928 197 2012 Nam
214 1929 243 1998 si
253 1931 335 2022 quis
348 1930 427 2002 erit,
452 1928 510 2020 qui
524 1927 596 2000 hou
606 1924 990 2016 diosaEssequasdam
1003 1933 1175 1999 oratorum

97 2023 254 2121 proprias
266 2017 457 2092 sententias
472 2028 576 2114 atque
588 2025 788 2111 caussas,et
802 2029 982 2094 certarum
991 2045 1110 2096 rerum
1121 2025 1173 2096 ¹fo·

96 2119 258 2193 rensibus
283 2116 445 2190 cancellis
470 2114 766 2212 circumscriptam
798 2117 984 2190 scientiam
996 2148 1006 2206 3
1042 2121 1174 2194 fatebor

98 2215 320 2316 equidemin
337 2214 390 2287 his
407 2213 515 2311 magis
527 2213 666 2286 assidue
682 2215 806 2285 versari
823 2215 912 2288 hanc
936 2225 1090 2292 nostram
1103 2220 1173 2295 diu-

97 2315 231 2388 tionem
240 2341 249 2386 -:
266 2313 330 2386 sed
340 2322 460 2386 tamen
471 2313 509 2385 in
522 2311 576 2384 his
589 2311 672 2410 ipsis
683 2313 786 2384 rebus
799 2313 966 2409 permulta
981 2327 1078 2395 sunt,
1089 2336 1172 2412 quae

96 2424 155 2488 retr
176 2420 342 2510 magistri,
356 2413 417 2510 qui
434 2410 610 2484 Rhetorioi
634 2420 811 2492 vocantur,
837 2435 906 2484 nec
928 2411 1080 2494 tradunt,
1104 2439 1173 2488 nec

96 2522 238 2587 tenent.
288 2509 385 2592 Quis
400 2511 497 2582 enim
514 2509 630 2582 nescit
645 2509 831 2581 maximam
854 2509 923 2582 vim
934 2510 1083 2584 existere
1100 2537 1171 2586 uras

97 2610 185 2699 tori-s
199 2610 246 2682 in'
261 2607 641 2707 hominummentibus
656 2607 711 2680 vel
735 2608 778 2679 ad
790 2608 884 2687 iram,
907 2609 1171 2694 autadodium,
1232 2653 1236 2660 ·

97 2718 162 2780 aut
185 2707 346 2780 dolorem
358 2706 557 2785 incitandis,
579 2706 633 2778 vel
648 2707 690 2776 ab
700 2705 793 2778 hisce
814 2705 935 2778 iisdem
950 2709 1171 2802 permotioni-
1268 2740 1270 2749 ⁴

98 2807 164 2878 bus
176 2804 220 2876 ad
242 2803 424 2877 lenitatem
437 2803 777 2900 misericordiamque
798 2801 1022 2876 reuocandis?
1047 2805 1170 2902 ⁶quae,

98 2903 165 2976 nisi
176 2903 236 3001 qui
252 2911 392 2977 naturas
413 2902 606 2983 homiuum,
628 2902 767 2999 vimque
780 2925 922 2973 omnem
937 2900 1170 2985 humanitatis,

98 3024 305 3099 caussasque
317 3002 525 3100 easquibus
537 3011 676 3074 mentes
688 3008 745 3074 aut
768 2999 955 3074 incitanter
971 3011 1033 3072 aut
1054 3003 1171 3072 reflec-

97 3109 235 3181 tuntur,
260 3101 399 3196 penitus
415 3098 638 3200 perspexerit,
662 3098 824 3181 dicendo,
848 3099 946 3192 quod
967 3097 1072 3171 volet,
1098 3121 1170 3192 per-

96 3200 293 3296 ficerejnon
309 3197 455 3295 poterit.¹
499 3197 608 3292 Atqui
628 3207 725 3268 totus
739 3195 807 3264 hio
831 3196 928 3263 locus
953 3189 1169 3290 philosopho

97 3309 178 3366 rum
196 3295 351 3388 proprius
378 3295 523 3375 videtur,
543 3317 665 3386 neque
693 3301 818 3367 orator,
842 3311 898 3374 ms
918 3297 1071 3371 au⁰t0te2
1096 3315 1168 3366 um·

99 3414 207 3492 quam
220 3385 451 3484 repugnabit:
491 3383 761 3486 sed„oi1miilis
787 3384 1025 3482 cognitionem
1051 3413 1167 3466 rerum

97 3614 166 3674 quae
181 3594 237 3657 fuit
248 3613 296 3654 ars
312 3597 473 3666 Chrysippi,
487 3611 558 3660 cum
572 3593 743 3671 Eloquentid
757 3613 793 3654 ne
808 3591 932 3654 minima
947 3590 1086 3654 societate
1099 3615 1166 3656 con·

100 3676 199 3736 'uncta
208 3688 261 3734 est.
591 3683 592 3686 ’
910 3683 912 3690 ’
1099 3705 1103 3714 x

96 3697 108 3754 J
139 3762 156 3813 6
171 3773 249 3832 quae,
262 3761 318 3814 nisi
329 3759 378 3830 qai
391 3757 528 3832 naturas]
545 3755 593 3812 Ex
608 3753 774 3832 conjecturs
785 3750 940 3816 Passeratii
950 3751 1111 3816 Lambinus
1124 3761 1166 3816 le·

98 3835 143 3911 git
157 3854 242 3906 quare
259 3839 322 3906 taisi,
334 3847 390 3894 etc.
405 3853 443 3892 ne
459 3835 579 3910 gemino
597 3852 667 3893 casu
682 3835 861 3906 Accusativo
880 3831 1022 3894 sententia
1036 3835 1165 3913 (opinor)

96 3915 220 3974 laboret.
251 3911 311 3972 Sed
319 3914 391 3973 nihil
403 3927 507 3983 muto;
528 3913 638 3989 saepius
652 3913 733 3973 enim
744 3915 864 3983 Noster,
878 3911 947 3972 cum
959 3913 988 3970 in
1003 3913 1085 3982 initio
1099 3935 1166 3974 sen-

96 3991 197 4053 tentiae
211 3993 387 4054 Pronominc
406 3993 527 4053 relativo
540 4013 611 4053 usus
632 4006 720 4060 esset,
733 3995 856 4052 eandem
878 4009 981 4050 vocem
996 3997 1043 4052 vel
1056 3995 1113 4068 ipsi
1127 3991 1165 4050 si·

97 4071 169 4134 mile
183 4071 323 4148 quiddam
335 4073 441 4148 repetit
454 4073 490 4132 in
503 4073 663 4150 posteriore
678 4086 757 4146 parte
772 4070 931 4140 sententiae,
945 4071 1163 4133 Grammaticos

97 4149 207 4210 ratione
222 4151 268 4229 (ut
281 4151 365 4208 nobis
373 4153 493 4228 quidem
507 4153 601 4212 videri
610 4149 715 4229 possit)
728 4170 784 4213 non
794 4151 908 4210 habita:
930 4151 982 4220 sic,
990 4164 1023 4208 ut
1036 4165 1090 4222 pro
1100 4151 1164 4220 ptu-

98 4230 178 4288 ribus
189 4235 466 4306 unumexcmplum
478 4233 636 4308 proferam,
646 4252 670 4290 c.
690 4237 733 4290 17.
754 4233 837 4294 Haec.
849 4229 1163 4302 commolimus-,Rho-

99 4313 163 4366 dum
180 4313 329 4384 venissem,
344 4324 372 4368 et
385 4331 447 4368 cum
456 4332 556 4370 summo
565 4317 611 4370 illo
621 4317 731 4376 doctore
744 4314 892 4388 Apollonio,
905 4327 948 4374 ea„
964 4302 1051 4377 qussi
1065 4305 1164 4370 Pons.

98 4389 137 4448 tio
149 4398 316 4468 acceperam,
330 4389 513 4466 conttdismm,
527 4395 623 4457 irrisit.
635 4395 681 4456 ille
695 4386 924 4465 Philosophiam,
938 4395 995 4453 etc,
