2830 5014
519 367 643 431 LIBER
663 369 718 431 111.
750 376 777 426 6.
1150 385 1202 438 211

82 544 200 600 rerum
215 515 309 614 qnod
334 507 404 586 aut
417 511 570 602 avulsum
593 516 613 586 ὲ
630 514 767 587 caeteris
784 536 844 612 per
861 539 897 587 se
910 515 1021 613 ipsum
1035 529 1204 606 constare,

80 629 143 718 aut
167 639 238 712 quo
255 621 384 708 caetera
406 611 434 682 si
464 623 615 694 careant,
633 611 700 686 vim
724 635 820 685 suam
848 623 954 711 atque
970 617 1204 708 aeternitaten]

81 728 284 788 conservare
301 709 445 808 possint.
642 787 644 794 ,

129 813 197 884 VI.
222 811 301 888 Sed,
321 807 377 879 tsi
395 809 474 880 haec
490 808 595 904 major
611 833 688 880 esse
705 808 802 894 ratio,
816 810 963 896 videtur,
975 839 1078 911 quam
1091 818 1210 906 utho-¹

79 911 218 988 minum
229 906 336 1006 possit
349 930 456 978 sensu
469 915 528 996 aut
538 906 747 1002 cogitatione
760 911 1020 1006 comprehendi,
1036 925 1090 987 est
1101 915 1210 1000 etiam,

76 1009 138 1082 illa
155 1005 311 1081 Platonis
330 1029 419 1084 vera,
435 1011 472 1076 et
491 1003 717 1088 linteatus,
734 1007 831 1076 certe
852 1032 923 1080 non
951 1011 1107 1094 inaudita
1123 1037 1201 1096 vox,

81 1108 236 1180 Omnem
252 1102 445 1178 doctrinam
463 1101 584 1174 harum
611 1103 842 1198 ingenuarum
859 1114 893 1175 et
911 1107 1138 1192 humanarum
1154 1136 1203 1182 ar-
1244 1188 1245 1196 χ

8 1263 9 1270 ,
79 1203 169 1278 tium
181 1225 259 1274 uno
274 1199 425 1296 quodam
438 1200 612 1274 societatis
640 1201 998 1286 vinculo'contineri:
1025 1205 1083 1278 ubi
1108 1209 1209 1280 eninr*-

78 1309 264 1398 perspecta
279 1297 329 1368 vis
355 1305 404 1368 est
421 1298 561 1386 rntionis
587 1297 668 1392 ejus,
696 1321 765 1392 qua
791 1323 933 1372 caussoe·
951 1327 1068 1376 rerum
1095 1315 1209 1401 atque.

8 1471 9 1478 χ
80 1397 199 1478 exitus
226 1405 501 1492 cognoscuntur,
530 1393 639 1467 mirus
660 1395 973 1490 quidsmomnium
990 1402 1089 1498 quasi
1119 1427 1199 1476 con·

8 1491 10 1586 ᾗ
78 1520 203 1568 sensus
222 1493 457 1577 doctrinarum
474 1505 740 1592 concentusque
761 1494 940 1588 reperitur.
989 1499 1069 1582 Sed,
1087 1501 1115 1572 si
1133 1501 1204 1572 hoc¹

8 1598 12 1668 ζ
78 1618 221 1692 quoque
237 1591 468 1680 videturesse
495 1590 610 1669 altius,
631 1591 737 1687 qudm
767 1602 808 1663 ut
834 1591 868 1664 id
888 1617 952 1666 nos
978 1591 1074 1678 humi
1101 1599 1208 1680 strati·

79 1693 253 1789 suspicere
267 1690 448 1786 possimne,
464 1689 550 1762 illud
560 1688 654 1762 certe
666 1689 901 1784 tamen,·quod
910 1687 1198 1788 ampleirisumus,

8 1809 12 1878 ζ
81 1792 176 1886 quod
192 1793 400 1886 profitemur,
418 1786 513 1882 quod
527 1786 754 1884 suscepimus,
779 1811 881 1858 nosse
900 1799 936 1860 et
959 1802 1079 1876 tenere
1096 1795 1196 1866 debe·

8 1891 9 1974 ,
78 1911 170 1961 mus.
219 1887 304 1956 Una
316 1893 370 1956 est
394 1885 496 1966 enim,
524 1885 616 1980 quod
633 1894 671 1972 et
688 1909 754 1979 ego
775 1883 936 1958 hesterna
964 1888 1019 1961 die
1036 1890 1117 1972 dini,
1146 1901 1203 1968 est·

78 1985 212 2082 aliquot
228 1982 313 2056 locis
329 1983 602 2070 antemeridiano
618 2007 777 2054 sermone
794 1983 998 2078 significavit
1010 1987 1199 2072 Antonius,

80 2081 543 2179 ‚eloquentinquascumque
568 2082 605 2153 in
630 2105 706 2170 oras
723 2080 964 2176 disputationis
997 2087 1198 2182 regionesve

8 2185 9 2188 ’
81 2182 197 2254 delata
210 2187 264 2267 est
280 2196 297 2250 :'
312 2205 392 2252 nam
409 2181 478 2254 sive
502 2180 544 2252 de
569 2179 653 2252 coeli
669 2189 793 2252 nutura
808 2180 972 2274 loquitur,
989 2185 1057 2256 sive
1075 2187 1117 2254 de
1135 2195 1198 2256 ter·

81 2277 307 2364 rse3,sive,de
321 2277 434 2349 divina
457 2277 502 2358 vi,
519 2278 590 2348 sive
608 2278 651 2350 de
679 2279 851 2365 humansj
876 2277 945 2349 sive
972 2305 1015 2360 ex
1040 2281 1200 2353 interiore

74 2375 169 2460 loen,
186 2377 257 2448 sire
269 2400 315 2447 ex
329 2375 596 2471 aequosive'cx
609 2376 783 2472 superiore
796 2405 805 2464 3
832 2377 905 2474 sive
919 2388 960 2458 nt
976 2379 1127 2476 impellat
1141 2381 1198 2466 ho

8 2507 9 2510 ¹
78 2477 202 2556 mines,
219 2474 287 2551 sive
307 2483 345 2546 ut
370 2474 506 2558 doceat,
523 2475 595 2558 sive
623 2484 664 2546 ut
679 2475 861 2560 deterrent,
888 2475 959 2555 sive
977 2483 1015 2562 ut
1038 2480 1199 2562 concitet,

81 2573 151 2649 sive
167 2583 206 2646 ut
221 2573 386 2651 reflectet,
402 2571 471 2642 sive
488 2586 530 2646 ut
558 2573 735 2660 incendat,
763 2573 840 2660 sive¹
856 2583 898 2644 ut
913 2575 1020 2660 leniat
1034 2602 1044 2660 3
1070 2579 1139 2666 sive
1152 2577 1201 2666 ,ad

8 2671 10 2684 ²
77 2695 220 2766 paucos,
235 2669 304 2744 sive
319 2669 525 2763 admultos5
550 2669 618 2748 sire
645 2671 740 2753 inter
763 2671 906 2758 alienos,¹
930 2675 1000 2744 sive
1017 2697 1095 2744 cum
1113 2676 1197 2750 suis,

79 2771 96 2816 ⁶
116 2767 186 2842 sive
202 2788 333 2850 secum,
357 2766 436 2840 rivis
459 2775 514 2840 est
531 2767 680 2858 deducte
709 2768 827 2850 oratio,
844 2791 917 2852 non
938 2769 1112 2858 tontihus3
1151 2779 1197 2847 et,

120 2909 136 2956 5
153 2902 181 2956 si
194 2902 250 2953 lraec
264 2897 431 2970 majoresne
445 2899 520 2953 ratis
534 2895 680 2975 videtar,]
695 2897 799 2973 Vulgo
813 2875 896 2954 deest
915 2900 959 2958 ri:
982 2897 1042 2964 sed,
1063 2895 1112 2952 illo
1123 2915 1196 2954 exu·

76 2984 165 3047 lante,
178 2977 249 3054 quid
259 2975 389 3036 vitiosius
399 2977 563 3052 excogitari
572 2978 663 3050 possit
674 2981 728 3034 hac
738 2976 880 3038 sententia
893 2977 995 3054 l-qni'd
1006 2975 1098 3036 menti
1110 2978 1200 3038 Crat--

79 3058 104 3116 si
119 3057 213 3132 magis
223 3055 424 3114 contrarium?
445 3056 574 3132 loquitur
585 3055 665 3115 enim
680 3059 716 3114 dc
730 3059 853 3133 quadarn
869 3057 1056 3121 consensione
1074 3056 1149 3114 inter·
1163 3073 1195 3112 se

77 3135 214 3196 omnium
224 3134 353 3210 partium
367 3137 493 3194 Naturae
509 3157 517 3190 r
542 3139 617 3194 hanc
631 3137 852 3194 consensionem
868 3137 936 3193 dicit
950 3135 1046 3212 majus
1060 3132 1198 3211 quiddam

77 3213 183 3282 videri,
196 3216 286 3290 quim
296 3225 329 3271 ut
337 3215 372 3270 ab
392 3215 558 3273 hominibus
579 3214 793 3290 comprehendi
807 3213 906 3288 possit.
948 3216 1006 3271 Sed
1027 3213 1056 3270 in
1070 3215 1196 3289 praeccd,

78 3293 178 3368 capite
192 3294 304 3351 dixerat
326 3304 440 3350 veteres
453 3293 539 3352 istem
555 3294 780 3356 consensionem
796 3292 892 3354 animo
906 3295 1076 3366 complexos
1097 3294 1197 3352 fuisse.

77 3373 163 3447 Quid
176 3371 267 3448 igitur
277 3384 337 3439 tam
352 3371 494 3430 dissimile
508 3386 563 3444 est,
577 3367 666 3450 qu‘arn
681 3375 767 3432 rerba
776 3371 873 3432 Crassi
889 3371 918 3430 in
933 3374 987 3430 hoc
997 3384 1026 3443 et
1039 3375 1136 3445 priore
1151 3392 1198 3428 ce·

75 3456 141 3530 pite
156 3451 165 3509 l
187 3451 338 3512 Editlones
351 3447 485 3526 Gryphii,
499 3451 601 3528 Steph.
616 3452 761 3516 Ascensii,
776 3464 805 3510 et
828 3451 961 3522 Strebaei,
976 3463 1004 3510 et
1029 3452 1110 3510 Msti
1125 3452 1196 3508 Bod.

76 3532 164 3596 Norf.
179 3533 241 3590 Bal.
258 3533 340 3606 Mag.
356 3533 433 3588 Nov.
451 3531 546 3590 Mean.
562 3545 592 3590 et
612 3535 684 3592 Har.
701 3541 726 3588 2.
738 3532 815 3590 istud
830 3536 856 3588 si
870 3531 923 3590 rite
942 3530 1088 3592 exhibent.
1110 3533 1197 3586 Cras·

77 3633 129 3672 sus
143 3611 193 3670 hic
206 3613 368 3670 concedere
383 3609 498 3668 videtur
512 3613 553 3678 id,
567 3615 643 3686 quod
656 3613 719 3685 ipse
729 3610 817 3669 sentit
827 3613 1045 3668 concedendurn
1054 3629 1109 3668 non
1120 3630 1196 3679 esse,

78 3705 113 3752 ut
127 3693 162 3748 ad
175 3691 294 3766 aliquid,
308 3691 387 3766 quod
400 3687 497 3765 magis
507 3691 583 3748 inter
593 3709 697 3748 omnes
705 3705 828 3757 constet,
838 3692 1000 3756 delaturum
1023 3703 1052 3748 et
1061 3690 1197 3754 adfinem

76 3770 170 3847 hujus
180 3769 330 3828 sententiae
345 3770 455 3826 iterum
465 3769 570 3830 iisdem
586 3769 681 3826 verbis
695 3769 805 3836 utitur,
826 3767 918 3833 reensi
932 3775 983 3823 doc
997 3789 1109 3844 quoquc
1118 3775 1196 3828 vide·

75 3866 130 3908 tur
145 3869 207 3906 erse
221 3853 316 3916 altine,
337 3847 420 3919 qudm
435 3861 466 3903 ιιι
488 3855 519 3908 id
531 3868 581 3905 nos
595 3853 673 3904 hamt
692 3855 782 3926 strati
794 3849 937 3915 suspicere
953 3856 1111 3918 possimne,
1126 3851 1198 3906 illud

77 3927 159 3987 certe*
173 3941 280 3995 tamen,
294 3941 349 3986 etc.
387 3927 452 3985 Ubi
466 3931 531 3988 duae
547 3947 594 3986 res
604 3931 735 3988 notandae
752 3938 838 3993 sunt3
858 3927 912 3983 ista
927 3947 982 3992 von
997 3951 1105 4002 quoque
1123 3925 1195 3985 indi·

76 4023 125 4066 cat
139 4008 265 4068 eandem
278 4007 414 4082 loquendi
429 4008 584 4066 formulam
601 4009 800 4082 praecessisse,
815 4019 844 4065 et
859 4005 888 4062 in
899 4008 952 4065 hoc
963 4011 1027 4068 loco
1042 4005 1194 4080 repetitam

75 4107 164 4146 esse:
185 4087 269 4144 vides
283 4085 384 4162 etiarn,
394 4090 494 4156 lector,
508 4102 574 4162 post
587 4086 820 4164 conjunctionem
836 4090 861 4142 ιι·
869 4084 898 4142 in
912 4090 1029 4160 apodesi
1044 4080 1193 4142 sententiae

76 4167 216 4225 collocari
232 4165 404 4240 particulam
420 4179 524 4231 tamen,
566 4169 677 4224 Totum
691 4165 781 4240 igitur
804 4167 901 4223 locum
921 4168 963 4222 sic
978 4159 1194 4222 rescribendum

75 4265 201 4313 oensem
226 4247 291 4314 Sed,
306 4246 331 4302 si
345 4250 399 4305 lraec
415 4247 507 4319 major
518 4250 661 4304 eareratio
676 4248 802 4313 ‘videtum
817 4245 898 4317 qadm
911 4259 943 4300 nt
953 4248 1091 4300 henricum
1101 4247 1195 4306 [roseit

75 4339 233 4384 censuerat
248 4328 418 4397 cogitatione
429 4329 638 4394 comprehendi,
652 4339 694 4380 ast
707 4337 805 4384 tamen
818 4330 867 4384 illu
884 4327 1012 4379 Platonis
1026 4337 1107 4385 vera,
1121 4335 1177 4378 etc.

119 4411 136 4458 6
151 4407 216 4461 sice
226 4402 348 4484 secum]
369 4409 413 4464 Ita
427 4423 530 4462 ornnes
546 4403 627 4463 Msti
638 4416 802 4472 ;·ettanren
813 4417 947 4476 suspecta
957 4403 1048 4458 habeo
1058 4401 1124 4456 hsce
1135 4419 1200 4458 ver·

72 4487 134 4544 ba:
157 4481 194 4540 de
207 4483 383 4562 Eloquentia
398 4484 479 4552 eninr
492 4503 589 4544 sermo
600 4497 653 4551 est,
668 4499 697 4543 et
710 4485 776 4561 quis
796 4503 889 4542 secum
911 4483 1042 4555 loquens,
1057 4483 1200 4555 eloquens

75 4569 146 4623 es'se
158 4559 270 4637 possit?
291 4567 359 4626 Nec
375 4565 412 4624 de
427 4557 512 4622 omni
522 4563 697 4640 Eloquentia
710 4575 869 4632 sermoest,
881 4563 935 4642 'sed
949 4562 985 4618 de
1000 4560 1049 4628 illa
1066 4578 1128 4635 qaae
1145 4563 1202 4618 dis·
