2854 5016
522 379 694 470 molisii
717 413 758 466 it.
873 497 876 502 ⁵
1126 411 1164 469 at

99 536 235 648 propria
253 551 428 639 traderes.
476 541 696 623 ”nectum
710 571 777 648 ego
790 559 915 650 praetor
931 551 1091 630 Rhodum
1107 583 1163 631 ve-

98 649 243 730 nissem,
267 657 305 722 et
332 673 414 720 eum
431 669 569 720 summo
587 647 647 719 illo
676 650 819 723 doctore
841 652 939 726 istius
967 654 1159 753 disciplinae

96 745 292 844 Apollonio
308 771 357 825 ea,
373 769 455 840 qnae
474 748 495 816 d
512 745 673 817 Panaetio
683 772 898 844 acceperam,
910 753 1163 841 contulissem

97 843 204 916 irrisit
222 844 277 939 ille
294 843 433 940 quidem
452 846 508 936 (ut
526 843 670 935 solebat)
684 845 945 944 philosophiam,
960 859 1063 942 atque
1081 869 1164 926 cond

96 941 258 1038 tempsit3
273 942 456 1037 multaque
470 966 542 1012 non
558 949 629 1013 tam
645 943 792 1038 graviter
805 945 901 1028 dixit,
917 947 1023 1042 qu'am
1033 949 1159 1023 facete:

94 1049 159 1112 tua
173 1048 293 1112 autem
309 1039 378 1114 fuit
390 1041 498 1112 oratio
509 1041 689 1138 ejusmodi,
708 1065 781 1115 non
792 1053 832 1117 ut
845 1045 953 1117 ullam
964 1053 1073 1117 artem
1084 1048 1160 1122 doc-

12 1149 13 1164 ²
94 1139 275 1212 trimamve
292 1151 562 1224 contemneres3
579 1139 648 1210 'sed
673 1147 713 1212 ut
737 1151 859 1215 onmes
884 1143 1029 1217 comites
1044 1170 1083 1218 ao
1100 1147 1160 1219 mi·

92 1237 225 1308 nistros
238 1236 378 1309 oratoris
393 1258 472 1308 esse
487 1237 645 1324 diceres3
660 1263 758 1335 quas,
775 1265 853 1338 ego,
869 1241 896 1312 si
913 1241 994 1338 quis
1008 1242 1054 1314 sit
1067 1261 1160 1317 u'nus

14 1362 15 1371 ¹
91 1336 300 1433 complexus
317 1355 453 1418 omnes,
465 1335 630 1432 idemque
650 1337 702 1409 ¹si
718 1337 761 1410 ad
776 1363 834 1411 eas
849 1339 1050 1416 facultatem
1062 1339 1161 1416 istam

14 1457 15 1465 ¹
90 1433 325 1506 ornatissimae
354 1434 515 1508 orationis
544 1435 751 1531 adjunxerit,
779 1463 854 1510 non
873 1463 1016 1534 possum
1033 1439 1160 1522 dicere,

82 1553 175 1630 *eum
191 1555 267 1604 non
281 1533 463 1630 egregium
483 1533 661 1628 quendam
681 1533 859 1610 hominem
876 1544 980 1632 atque
995 1535 1162 1610 admiratu·

88 1627 175 1702 dum
191 1629 277 1728 fore.
310 1631 398 1704 *Sed
416 1632 455 1712 is,
482 1631 509 1702 si
523 1631 601 1727 quis
617 1641 720 1714 esset,
751 1643 811 1708 aut
829 1634 857 1706 si
873 1635 978 1706 etiam
995 1659 1161 1732 umquam
1261 1631 1263 1634 ’

86 1725 230 1812 fuisset,
246 1737 308 1800 aut
323 1727 407 1802 verb
427 1729 455 1801 si
473 1751 551 1802 esse
569 1744 702 1824 posset,
715 1741 758 1802 tu
770 1755 865 1802 esses
876 1755 972 1802 unus
988 1731 1160 1826 profectb,

86 1827 164 1918 qui,
184 1835 222 1898 et
238 1848 319 1898 meo
332 1826 465 1922 judicio
477 1835 515 1897 et
531 1826 699 1904 omnium,
727 1827 788 1894 vin
801 1827 906 1896 ullam
930 1827 1070 1896 caeteris
1092 1853 1161 1898 ora·

17 1921 35 1996 ,⁸
87 1921 231 1992 toribus
255 1925 354 2016 (pace
372 1922 497 1991 horum
518 1919 680 2005 dixerim)
693 1921 834 1990 laudem
851 1921 1032 2015 reliquisti.
1067 1923 1160 1995 'Ve-

85 2017 169 2089 rum
186 2018 215 2086 ai
230 2016 292 2086 tibi
311 2013 385 2110 ,ipsi
421 2013 507 2086 nihil
525 2012 635 2094 deest,
660 2014 756 2110 quod
772 2016 811 2087 in
839 2016 1038 2091 forensibus
1053 2022 1158 2094 rebus

27 2177 29 2180 .
85 2114 320 2210 ciuilibusque
337 2121 504 2193 versetur,
515 2111 603 2207 quin
615 2111 723 2198 seias3
739 2137 855 2210 neque
870 2140 946 2187 eam
957 2125 1080 2190 tamen
1094 2122 1157 2194 sci-

86 2213 235 2293 entiam,
261 2235 366 2308 quam
391 2211 553 2308 adjungis
579 2211 717 2292 oratori,
742 2212 947 2307 complexus
964 2237 1024 2301 es3
1048 2216 1158 2290 videa·

84 2335 179 2393 mus,
203 2337 251 2383 ne
269 2311 348 2408 plus
371 2309 404 2382 ei
430 2309 571 2389 tribuas,
600 2311 708 2404 qutm
725 2331 780 2380 res
797 2321 835 2382 et
851 2310 975 2381 veritas
992 2311 1063 2408 ipsa
1078 2341 1159 2386 con·

85 2409 200 2484 cedat.
251 2409 321 2482 Hie
333 2407 492 2489 Crassus,
504 2409 702 2487 Memento,
712 2407 840 2504 inquit,
859 2435 914 2482 me
927 2410 1059 2483 nonde
1071 2435 1174 2497 mea,

13 2511 18 2599 ξ
85 2509 153 2580 sed
166 2509 209 2581 de
227 2507 371 2580 oratoris
387 2507 553 2582 facultate
569 2505 721 2580 dixisse.¹
760 2506 862 2589 Quid
887 2507 982 2580 enim
1004 2533 1069 2582 nos
1095 2523 1168 2586 aut*

13 2633 14 2636 ¹
85 2605 282 2686 didicimus,
303 2614 363 2677 aut
384 2605 472 2678 scire
494 2604 688 2701 potuimus‘
709 2606 769 2700 qui
796 2614 877 2680 ante
905 2606 950 2678 ad
972 2609 1157 2702 agendum,

85 2709 202 2801 quam
228 2704 272 2774 ad
293 2703 581 2800 cognoscendum
597 2702 778 2788 venimus3
802 2728 892 2798 qnos
909 2703 947 2773 in
961 2703 1047 2784 foro,
1065 2727 1156 2801 quos

13 2813 14 2816 ’
84 2804 125 2876 in
139 2801 338 2883 ambitione,
356 2825 444 2898 quos
460 2801 500 2874 in
516 2799 716 2898 Republica,
734 2825 825 2897 quos
841 2801 879 2872 in
891 2799 1080 2874 amicorum
1098 2827 1157 2876 ne·

85 2899 188 2998 gotiis
201 2925 255 2975 res
275 2901 346 2996 ipsa
361 2910 444 2974 ante
457 2899 621 2982 confecit,
639 2903 745 2994 quam
765 2923 947 2998 possemus
960 2899 1092 2996 aliquid
1110 2903 1156 2974 de

85 3001 190 3072 rebus
208 3003 315 3074 tantis
331 2997 523 3095 suspicari?
547 2995 663 3081 Qubd
690 2999 726 3071 si
743 2998 805 3070 tibi
831 3008 970 3070 tanturn
993 2998 1031 3070 in
1055 3002 1158 3070 nobis

86 3098 223 3172 uidetur
250 3123 342 3179 esse,
369 3098 507 3194 quibus,
536 3097 666 3170 etiamsi
693 3097 879 3192 ingenium
893 3099 960 3184 (ut
974 3103 1017 3162 tu
1039 3092 1156 3190 putas)

85 3221 163 3268 non
178 3196 327 3268 maxime
346 3195 471 3276 defuit,
493 3196 655 3268 doctrina
672 3196 827 3265 certe‘et
843 3191 951 3261 otium
964 3200 1000 3258 et
1017 3187 1156 3268 hercule

11 3421 13 3446 4
126 3359 144 3432 9
156 3371 246 3442 Ham,
256 3388 318 3426 cum
330 3387 395 3439 ego,
408 3367 481 3445 eto]
499 3367 578 3425 Vide
593 3369 705 3426 Notam
714 3367 749 3424 ad
758 3384 823 3444 pag.
836 3371 881 3449 28¹.
893 3385 963 3438 quae,
975 3370 1033 3444 nisi
1042 3375 1092 3444 qui
1103 3392 1154 3428 aa.

11 3451 13 3534 j
86 3467 179 3521 turus,
193 3463 250 3510 etc·
496 3489 499 3494 -
524 3507 527 3512 ,
875 3453 877 3458 ’
1021 3524 1028 3536 ·

11 3535 13 3544 ⁹
89 3534 94 3542 '
132 3537 141 3586 1
159 3533 186 3589 ei
198 3533 237 3586 cd
251 3550 300 3586 eac
314 3526 485 3586 facultatem
508 3529 594 3584 iatam
609 3525 814 3606 ornatissima]
837 3525 960 3595 Vitiosa,
980 3541 1156 3600 op1nor‚est

81 3611 171 3671 lectio
179 3613 300 3686 vulgata
299 3611 468 3680 facultates,
484 3605 534 3664 cui
544 3608 629 3684 longe
642 3620 785 3683 antepono
799 3607 880 3666 illam
895 3603 1053 3664 MStorum
1068 3609 1149 3670 Cant.

86 3691 182 3749 Gonv.
196 3693 274 3749 Nov.
291 3690 381 3765 Wag.
395 3688 455 3744 Bal.
468 3687 539 3745 Bod.
555 3687 641 3747 Nori.
654 3701 684 3748 et
694 3688 830 3748 editionis
844 3683 980 3751 Manutii,
988 3689 1117 3760 idemque
1126 3695 1155 3748 oi

86 3777 127 3828 ad
136 3791 182 3827 eas
197 3767 367 3829 facultatem
381 3774 480 3838 istam,
495 3772 553 3827 etc.
566 3788 614 3826 eae
624 3766 644 3825 i.
659 3787 685 3826 e.
698 3780 786 3839 artes,
800 3787 867 3844 quae
883 3763 1005 3822 scientia
1014 3766 1154 3840 nituntur,

87 3862 119 3909 et
132 3869 200 3927 quae
211 3861 398 3923 opponuntur
411 3847 522 3922 passim
535 3846 822 3926 Oratorissaculcoti.
847 3845 904 3902 Sic.
921 3844 939 3901 i.
956 3851 1001 3900 20.
1025 3847 1154 3924 disputat

11 3923 12 3934 ¹
90 3931 270 4002 Char-madae
281 3930 391 3987 nullam
402 3946 468 3987 esse
481 3939 573 3985 artem
584 3927 709 3997 dicendi,
719 3940 748 3987 et
762 3946 834 3986 mox
851 3924 940 3993 addit,
954 3930 1054 3995 quibua
1068 3927 1154 3985 in‘re·

11 4073 12 4084 ¹
88 4015 140 4068 hus
155 4013 245 4066 omnis
261 4021 407 4066 oratorum
425 4023 569 4066 versatur
582 4009 713 4068 facultas
752 4008 804 4065 Sic
819 4005 968 4065 Antonius
988 4005 1018 4062 ii.
1033 4011 1059 4062 t.
1074 4007 1153 4080 dicit,
1235 4051 1237 4058 ,

90 4092 147 4147 Res
161 4089 194 4168 (i.
210 4110 236 4148 e.
261 4088 448 4166 Eloquentia)
470 4091 539 4147 mihi
560 4093 678 4147 uidetur
701 4108 760 4146 ease
781 4087 917 4146 facultate
925 4089 1078 4154 preclara,
1093 4097 1152 4142 arte

11 4229 12 4236 χ
89 4173 247 4228 mediocria.
290 4169 351 4227 Sed
362 4187 460 4228 meam
474 4168 633 4229 lectionem
646 4175 767 4244 prorsus
776 4167 927 4226 confirmat
937 4164 1076 4239 geminus
1087 4181 1158 4236 pro-s

11 4245 12 4288 l
89 4266 127 4324 pe
140 4253 222 4310 locus
235 4251 254 4308 i.
274 4257 315 4308 tt.
360 4251 516 4306 Illustrarc
527 4261 621 4306 autem
637 4252 765 4328 oratione
779 4253 805 4304 si
820 4250 884 4319 quia
898 4251 971 4302 istos
986 4245 1063 4332 ilique
1077 4255 1153 4301 artes

11 4363 12 4368 κ
90 4333 217 4399 celibes!
237 4335 364 4387 oratoris
384 4333 410 4386 ei
423 4333 649 4404 confugiendum
664 4344 706 4386 est
726 4327 912 4387 facttltatem.-
944 4323 1038 4377 Porro
1051 4318 1151 4381 Lamb.

89 4425 142 4482 pro
157 4413 338 4468 ornatissima
351 4409 424 4488 legit
435 4399 583 4466 circundat.
