2830 5014
521 231 723 308 urrunnu
744 232 811 308 ssd
1168 249 1228 308 nr

147 391 273 469 XXV.
297 392 454 466 Ornatur
469 388 578 490 igitur
592 395 701 469 oratio
722 396 739 446 ⁹
756 383 891 492 genere
899 390 1060 494 primum,
1085 385 1230 494 ettiussi

99 494 222 570 colore
233 492 385 589 quodem
397 501 436 562 et
452 513 557 567 succo
574 517 664 568 suo:
691 519 785 577 num,
809 503 850 590 ut
866 491 986 590 gravis,
1011 505 1052 566 ut
1064 497 1172 568 suavis
1187 503 1234 570 ut

99 592 307 673 erudirent,
324 589 529 673 utlibertlis
541 601 580 663 ut
595 592 813 674 admirabilis,
823 602 864 664 ut
875 592 1018 690 portast
1037 602 1078 664 ut
1088 607 1230 677 sensus,

98 699 147 764 ut
159 689 296 762 dolores
308 690 445 770 habeat,
471 699 640 784 quantum
657 715 747 788 opus
763 692 821 771 sit,
845 715 919 764 non
943 702 997 762 est
1012 690 1230 790 singulorum

50 790 53 794 ’
99 788 350 874 articulorum
372 787 409 862 ln
428 795 507 859 toto
532 799 733 885 spectantur
759 791 839 862 haeo
860 813 1034 886 corpore:
1058 801 1100 863 ut
1125 788 1228 886 porri>
1275 809 1286 824 ’·
1336 857 1339 866 .

99 911 287 985 conspersa
303 886 345 960 sit
358 885 457 984 qussi
473 885 658 960 verborum
669 887 1001 985 sententiarumque
1018 887 1167 968 floribus,
1190 887 1229 962 id

99 1007 179 1058 non
190 983 296 1058 debet
312 1007 392 1057 esse
407 983 527 1058 fusum
540 985 758 1080 aequabiliter
782 1009 1000 1083 peromnem
1024 985 1228 1068 orationem,

97 1082 163 1156 sed
181 1083 231 1156 ito
246 1082 463 1165 distinctum,
488 1082 615 1155 utsint
632 1085 728 1180 quasi
744 1083 781 1156 in
794 1094 927 1158 ornatu
948 1084 1115 1181 disposite
1131 1107 1228 1181 quae·

96 1181 182 1255 dum
199 1180 349 1278 insignia
363 1192 402 1254 et
418 1181 556 1256 lumine.
606 1181 734 1254 Genus
749 1182 857 1278 igitur
871 1182 1012 1256 dicendi
1027 1192 1082 1255 etl
1098 1183 1228 1280 eliger-²

98 1279 206 1360 donn
215 1279 311 1376 quod
325 1278 473 1352 nuxime
490 1287 703 1360 tenestem,
729 1283 790 1376 qui
806 1279 964 1364 audiant,
989 1292 1028 1354 et
1040 1283 1135 1380 quod
1152 1305 1228 1374 non
1246 1282 1251 1288 '

97 1376 218 1450 solim
233 1377 396 1458 delectet,
421 1377 486 1450 sed
514 1378 619 1453 etiam
645 1377 721 1450 sine
746 1379 914 1452 satietate
939 1380 1110 1478 delectet:
1136 1379 1254 1472 (non'

98 1474 233 1548 enimi
253 1497 312 1548 nte
328 1477 401 1573 jam
419 1477 611 1572 exspectari
629 1487 728 1573 puto,
753 1486 794 1548 ut
810 1499 982 1557 moneam,
1006 1488 1047 1550 ut
1063 1478 1225 1560 caveatis,

98 1597 150 1650 ne
167 1573 277 1656 exilis,
294 1600 349 1646 ine
365 1575 498 1648 inculta
516 1575 562 1646 sit
579 1583 690 1646 vestro
712 1575 832 1657 oratio,
856 1599 902 1648 ne
919 1575 1080 1672 vulgaris,
1106 1600 1152 1648 ne
1168 1577 1228 1650 ob·

100 1672 232 1758 soleta3
254 1673 350 1746 aliud
366 1671 531 1770 quiddam
547 1672 717 1770 majuset·
728 1673 867 1770 ingenit
885 1697 942 1746 me
958 1671 1142 1750 hortentur
1156 1697 1227 1750 vet·
1293 1719 1295 1722 ·

96 1778 156 1842 ‘tra
171 1779 206 1841 et
220 1780 345 1843 {states
358 1773 383 1862 τ)
402 1773 419 1821 2
439 1770 577 1846 difficile
591 1773 685 1844 enim
703 1771 799 1844 dictu
818 1781 886 1850 est,
914 1791 1078 1869 quaenttm
1102 1796 1227 1847 caussa

100 1867 160 1948 sit,
188 1891 304 1942 curos
319 1893 403 1965 quse
426 1871 579 1943 maxime
597 1893 725 1944 sensus
750 1878 890 1944 nostros
910 1870 1095 1966 impellunt
1112 1871 1236 1968 volup.
1339 1913 1341 1920 ·

98 1973 183 2046 tete,
209 1975 244 2038 el
260 1970 374 2065 specie
386 1967 493 2066 prims
508 1969 677 2044 acerrime
690 1975 926 2048 commovent,
937 1971 979 2040 sb
995 1969 1035 2042 iis
1045 1968 1227 2044 celerrime·

97 2063 400 2164 fastidioquodsm
411 2077 448 2140 et
459 2068 621 2142 satietate
631 2067 875 2142 abalienernur.
909 2067 1057 2151 Quanto
1068 2070 1225 2168 colorum

99 2162 360 2259 pulchritudine
375 2176 413 2240 et
432 2166 597 2238 varietate
622 2163 793 2241 floridiora
818 2175 904 2238 sunt
919 2165 957 2236 in
968 2167 1110 2262 picturis
1126 2164 1227 2238 novio

100 2261 278 2360 pleraque,
303 2267 410 2360 quim
423 2264 460 2338 in
477 2263 679 2337 veteribus?
704 2285 787 2360 quae
803 2273 930 2343 tumen,
955 2265 1088 2337 etiamsi
1113 2263 1226 2362 primo

99 2358 270 2458 adspectu
282 2386 348 2436 nos
360 2371 543 2462 ceperunt,
569 2362 704 2436 diutius
712 2387 787 2438 non
803 2361 1003 2446 deleotttnt3
1028 2361 1225 2440 oltmiidetn

90 2541 166 2612 fata
179 2539 273 2600 Derim
292 2545 379 2616 flecti
393 2545 512 2614 sperare
532 2549 700 2618 preeundo:
734 2541 786 2604 ubi
810 2541 956 2623 omittitur
977 2546 1099 2606 verbum
1117 2552 1224 2615 prosse:

100 2621 156 2678 sed
169 2622 227 2677 hoc
239 2633 392 2695 poetarum
405 2622 532 2684 licentiae
545 2623 734 2692 liberiorem,
753 2623 1013 2700 quimorstorutn.
1111 2627 1114 2632 ’
1172 2633 1176 2646 ‘

141 2699 419 2771 sgeneretttmtm.
434 2701 509 2783 etc]
530 2704 564 2762 Si
577 2717 709 2764 mentem
722 2702 876 2762 Ciceronis
886 2701 955 2759 setis
978 2699 1129 2776 attingam,
1152 2703 1225 2764 dicit

99 2777 175 2836 dues
187 2797 236 2838 res
245 2779 275 2838 in
285 2793 389 2840 ornatu
402 2780 538 2842 orationis
552 2802 620 2842 esse
634 2783 826 2860 spectandas:
847 2778 984 2858 primam,
997 2790 1030 2838 ut
1037 2796 1223 2862 unuquisque

99 2857 192 2916 oratio
206 2862 407 2932 hubeotgenus
417 2879 517 2932 suurn,
526 2875 557 2923 et
567 2883 656 2924 suum
668 2866 751 2938 quusi
760 2867 883 2920 colorem
893 2872 921 2918 et
932 2875 1069 2924 roxum
1089 2864 1223 2936 alteram,

99 2948 133 2996 ut
147 2937 281 2998 &edocta
294 2939 332 2998 sit
341 2943 499 3002 vextorum
510 2953 540 3002 et
554 2943 766 3004 sententiarum
780 2941 918 3000 floribust
938 2938 1010 2998 illud
1023 2937 1090 2996 neri
1113 2939 1145 2998 in
1157 2961 1223 3002 om·

100 3016 626 3096 memnonispanequemadmotum
634 3026 717 3082 color
726 3034 755 3082 et
764 3040 864 3081 succes
873 3020 903 3080 in
910 3033 970 3079 toto
977 3036 1098 3098 corpore
1109 3034 1223 3098 speetu·

99 3099 227 3166 rurtltoc
237 3097 308 3156 verb
318 3099 382 3158 lieri
392 3100 488 3162 solim
497 3102 706 3180 inquibusdanr
714 3098 1221 3175 orarionrsparubus‚uriiveroorum

100 3187 135 3235 et
144 3177 355 3236 sententiarum
363 3179 451 3240 flores
462 3181 518 3242 sint
529 3182 612 3260 quasi
620 3181 746 3260 insignia
758 3181 891 3257 quasdam
906 3191 937 3236 et
950 3177 1063 3237 lumine
1075 3180 1221 3248 orationis.

149 3263 159 3311 t
178 3268 210 3312 ue
224 3275 337 3326 sensus,
351 3273 380 3316 st
396 3260 531 3343 dolores]
551 3263 585 3321 ld
600 3273 655 3332 est,
670 3275 702 3322 ut
714 3264 816 3320 lrabeat
830 3277 883 3318 eos
907 3260 955 3318 vel
969 3260 1052 3318 leues
1066 3261 1110 3320 vel
1124 3262 1221 3324 conci·

99 3344 179 3396 ratos
192 3337 325 3406 affectus,
337 3356 411 3413 qnos
425 3357 525 3401 caussa
537 3345 682 3417 postulate
713 3341 747 3400 Si
764 3349 860 3399 orator
871 3341 935 3398 vult
962 3355 1045 3396 suam
1058 3340 1220 3403 orationem

97 3431 227 3487 gravem
239 3435 316 3484 esse,
334 3437 369 3477 ss
383 3419 506 3495 gravitas
519 3421 549 3480 in
563 3435 623 3481 toto
637 3434 786 3498 spectetur
811 3414 947 3478 orationis
965 3435 1087 3492 corpore
1101 3441 1110 3488 ;
1135 3419 1221 3494 item,

100 3493 126 3552 ti
140 3513 207 3554 eum
218 3495 289 3556 velit
299 3515 365 3556 esse
379 3519 508 3569 suavem,
514 3505 670 3568 eruditam,
684 3514 753 3562 oter
773 3499 915 3560 uecalittd
928 3501 965 3557 de
977 3501 1106 3556 sensibus
1118 3513 1150 3560 et
1170 3505 1221 3560 do.

97 3575 216 3648 turim,
231 3575 284 3656 qui
296 3575 395 3638 insunt
405 3579 436 3638 in
448 3581 589 3651 oratione,
601 3581 757 3641 dicendum
768 3592 829 3651 est3
849 3579 884 3654 ¹hi
897 3578 987 3644 eninr,
1001 3575 1050 3641 ubi
1062 3593 1223 3656 quantum·

96 3671 155 3730 qne
168 3675 243 3730 opus
251 3656 298 3728 sit,
310 3657 350 3718 its
360 3663 389 3715 in
404 3671 491 3729 rotem
506 3661 694 3734 confundendi
706 3675 774 3720 sunt
790 3658 875 3737 (curn
888 3657 1032 3716 Cicerone
1046 3661 1173 3741 loquor),
1182 3677 1218 3726 ut

96 3751 192 3805 genus
208 3741 346 3796 orationis
356 3737 541 3810 constituant,
551 3753 582 3800 et
590 3739 657 3820 ejus
665 3744 746 3811 quasi
761 3744 879 3798 colorem
894 3748 1048 3796 etruscum
1069 3741 1218 3804 efficiunt:

99 3811 191 3871 Unde
206 3829 304 3875 noster
322 3819 355 3878 in
374 3837 401 3877 o.
424 3824 472 3889 26,
498 3819 577 3890 dicit,
594 3820 718 3890 trimum
741 3824 816 3876 silvo
837 3836 939 3876 rerum
952 3837 986 3876 oc
1013 3829 1218 3881 sententiarum

99 3900 296 3963 comparando
309 3911 352 3954 err
363 3906 548 3960 s--lzaec
557 3901 781 3972 sermondostlo
795 3899 858 3968 ipso
870 3910 898 3955 et
905 3917 1016 3970 genere
1031 3905 1178 3960 orationis.

141 3975 159 4028 2
176 3975 288 4046 dffcile
300 3982 375 4034 eninr
388 3982 469 4039 dictu
484 3991 534 4048 est,
545 3979 618 4061 etc]
637 3981 705 4040 Non
720 3979 770 4038 hic
790 3976 861 4037 ratio
875 3978 1014 4048 redditur,
1028 3999 1118 4055 quare
1131 3979 1217 4037 Cros-

97 4071 168 4112 sum
178 4053 257 4114 aliud
267 4059 450 4118 uerebantur
461 4060 611 4139 juvenum
621 4059 739 4136 ingenis
749 4069 779 4116 et
792 4061 984 4119 anteessed
1003 4063 1067 4118 haec
1078 4057 1217 4118 sententis

97 4135 207 4208 pendet
220 4135 341 4206 ubistn3
364 4139 463 4197 Genus
486 4143 581 4212 igitur
608 4142 719 4198 dicendi
743 4150 785 4194 est
800 4142 972 4212 eligendum,
992 4139 1068 4207 quod
1094 4139 1222 4200 maxt'm&

94 4225 197 4286 tonat
214 4235 273 4286 eos,
286 4230 344 4278 sto
367 4235 478 4295 nempe
495 4221 583 4280 habes
609 4219 763 4289 rationem,
784 4237 838 4277 cur
856 4218 970 4278 serietas
983 4214 1012 4272 in
1024 4213 1218 4282 delectatione

96 4289 215 4366 sitands
222 4295 278 4356 sit:
300 4298 350 4356 Sic
364 4298 457 4375 igitur
469 4318 526 4374 ope
539 4301 750 4360 Parenthess'os
763 4298 935 4358 sententiam
946 4289 1061 4351 restitui
1073 4313 1081 4348 r
1101 4295 1153 4353 sed
1167 4305 1219 4357 eti.

99 4375 147 4428 oin
161 4375 221 4432 sine
234 4381 367 4436 sotietate
380 4381 519 4446 delectet:
537 4385 614 4454 (non
627 4383 699 4438 enim
710 4379 731 4436 ὰ
741 4389 854 4436 me-et
866 4370 979 4445 atarto)
990 4395 1003 4439 ,-
1015 4374 1128 4446 difficile
1143 4387 1219 4438 enim

97 4449 179 4528 dictu
193 4467 249 4532 est,
260 4469 317 4520 cte·
359 4459 400 4522 Et
410 4457 517 4522 codem
528 4459 590 4522 lere
603 4457 692 4522 modo
703 4454 1219 4535 Mutuusuuncloeumimpressit
