2854 5016
264 394 295 446 1⁸
647 375 707 446 DE
726 386 929 450 ORATORE

260 531 456 608 sioe'multa
471 535 768 632 '²pertraetation'e
792 535 947 608 omnium
959 529 1322 628 Rermnpubliearum,

258 657 375 728 neque
387 631 461 706 sine
482 635 610 730 legum,
622 657 769 713 morum,
781 633 868 728 juris
889 630 1045 711 seientia,
1070 653 1185 724 neque
1198 639 1323 703 natura

257 732 439 806 hominum
454 731 634 826 incognita
651 755 692 804 ae
716 729 882 810 moribus,
907 728 943 800 in
959 728 1011 800 his
1028 727 1110 822 ipsis
1124 729 1225 799 rebus
1237 727 1325 798 satis

187 843 190 850 ’
256 829 381 902 callide
397 829 518 902 versari
534 836 570 899 et
591 827 699 924 perite
723 835 861 923 potest:
887 825 947 920 qui
963 833 1079 898 autem
1095 825 1174 898 haee
1195 847 1325 918 cogno

255 927 351 1008 veiit,
365 927 578 1022 sine-quibus
600 951 646 998 ne
662 925 720 998 illa
732 924 869 1022 quidem
881 921 1025 996 minima
1036 921 1073 994 in
1087 921 1218 996 caussis
1233 921 1324 1016 quis-

255 1048 358 1118 quam
369 1026 465 1098 reete
476 1023 569 1098 tueri
580 1032 712 1120 potest,
722 1023 805 1118 quid
817 1022 897 1096 huie
906 1023 1026 1094 abesse
1036 1019 1163 1118 poterit
1175 1019 1223 1090 de¹
1232 1043 1327 1092 max-
1360 1025 1364 1030 ’

256 1123 401 1196 imarum
424 1147 541 1198 rerum
552 1120 720 1196 seientia?
746 1122 809 1194 Sin
822 1121 966 1194 oratoris
982 1119 1067 1192 nihil
1078 1117 1129 1190 vis
1154 1141 1241 1197 esse,
1257 1117 1325 1190 nisi

255 1220 460 1318 composite,
474 1222 614 1300 ornate,
626 1219 764 1318 copiose
777 1217 893 1317 eloqui
904 1246 927 1304 3·
938 1241 1072 1312 quaero,
1088 1216 1124 1288 id
1135 1215 1248 1312 ipsum
1259 1213 1326 1325 qui

255 1319 362 1413 possit
375 1318 506 1412 assequi
517 1317 600 1392 sine
611 1342 655 1390 oa
666 1316 823 1398 seientia,
835 1316 981 1412 quamsi
998 1312 1097 1388 non3
1108 1312 1324 1404 conceditis?

253 1415 391 1490 dicendi
403 1417 498 1490 suun
513 1416 632 1497 virtus,
645 1416 713 1489 nisi
726 1415 839 1512 ei,'qui
854 1415 954 1495 dieit,
964 1441 1014 1496 ea,
1028 1413 1073 1486 de
1089 1411 1215 1510 quibus
1225 1411 1327 1494 dicit,
1361 1433 1365 1442 ’

254 1523 421 1612 percepta
441 1515 521 1597 sint,
538 1524 673 1588 exstare
690 1522 904 1610 non‘potest.
952 1513 1204 1595 Quamobrem,
1229 1509 1327 1582 sior·

254 1613 337 1683 nate
349 1615 551 1686 'loeutusest
569 1613 673 1704 (sieut
688 1614 813 1694 fertur,
836 1611 969 1685 etmihi
987 1610 1140 1700 videtur)
1157 1608 1328 1705 physicus

253 1707 313 1782 ille
330 1711 564 1794 Democritus,
580 1711 740 1785 materies
751 1711 809 1783 illa
823 1711 890 1784 fuit
907 1709 1059 1808 physici,
1075 1709 1119 1780 de
1131 1733 1199 1804 qua
1215 1706 1328 1796 dixjt3

253 1816 397 1880 ornatus
411 1807 494 1880 verb
512 1809 584 1904 ipse
597 1811 794 1882 verborum
820 1808 964 1882 oratoris
978 1807 1166 1904 »putandus
1183 1813 1262 1878 est:
1287 1815 1328 1880 et

253 1903 281 1973 si
299 1905 397 1973 Plato
417 1907 578 1972 derebus
600 1909 622 1970 ὲ
642 1906 800 1979 civilibus
827 1907 1070 1980 controversiis
1093 1903 1329 1980 remotissimis
1418 1953 1419 1974 ,

253 1996 420 2070 divinitus
435 2011 485 2066 est
498 1997 649 2075 loeutus,
664 1994 758 2089 quod
771 2019 839 2090 ego
851 1996 1030 2067 concedo:
1057 2001 1085 2068 si
1095 2003 1180 2065 item
1195 2002 1330 2074 Aristo·

253 2095 355 2177 teles,
368 2093 396 2168 s'i
413 2093 730 2188 Theophrastussi
748 2091 944 2166 Carneades
959 2090 996 2162 in
1012 2092 1117 2165 rebus
1130 2091 1182 2174 iis,
1195 2093 1331 2190 dequi-

253 2195 318 2266 bus
331 2193 602 2288 disputaverunt,
620 2191 838 2287 eloquentes,
856 2201 893 2264 et
905 2190 943 2262 in
966 2188 1119 2264 dicendo
1141 2214 1261 2262 suaves
1277 2203 1329 2266 at·

253 2301 322 2387 qu‘e
334 2289 444 2362 ornati
455 2290 619 2363 fuerunt:
645 2289 717 2362 sint
733 2291 790 2362 hee
804 2311 874 2370 res,
893 2287 1074 2384 dequibus
1086 2287 1276 2385 disputent,
1288 2291 1330 2366 in

252 2389 326 2462 aliis
342 2387 547 2484 quibusdam
564 2387 689 2459 studiis
703 2415 714 2472 ;
736 2387 845 2460 oratio
867 2387 1009 2479 quidem
1026 2388 1098 2483 ipsa
1121 2388 1257 2484 propria
1272 2401 1330 2464 est

254 2485 359 2580 hujus
371 2485 475 2556 unius
488 2483 640 2563 rationis,
652 2485 697 2556 de
709 2508 777 2579 qua
789 2483 962 2578 loquimur
973 2493 1011 2557 et
1020 2485 1220 2580 quaerimus.
1246 2487 1327 2560 Ete-

253 2581 329 2656 nim
344 2583 501 2656 uidemus
517 2582 639 2656 iisdem
655 2582 699 2654 de
715 2584 817 2656 rebus
828 2582 947 2679 jejune
961 2585 1127 2678 quosdam
1138 2585 1325 2669 stasilium,

254 2695 293 2754 ut
310 2705 403 2762 eum,
419 2705 523 2777 quem
537 2680 772 2754 acutissimum
788 2683 920 2762 ferunt,
930 2680 1166 2781 Chrysippum
1179 2683 1326 2780 disputa-

253 2779 354 2861 visse,
368 2805 484 2876 neque
508 2783 554 2852 ob
579 2803 655 2855 eam
672 2805 746 2855 rem
768 2779 995 2876 philosophiae
1012 2807 1085 2852 non
1108 2781 1324 2864 satisfecisse,

253 2876 367 2970 tqaod
384 2901 469 2950 non,
482 2878 640 2952 habuerit
651 2879 741 2952 hane
756 2877 896 2951 dicendi
913 2877 979 2948 ⁵i11
995 2886 1070 2949 arte
1086 2877 1197 2952 aliena
1221 2881 1326 2961 facul·

254 2981 373 3049 tatem.
1183 3021 1186 3026 ,

293 3119 310 3170 2
315 3121 532 3184 pertractatione
543 3122 659 3179 omnium
670 3080 982 3200 Rerumoutilicarum]
995 3119 1040 3180 Ita
1050 3119 1133 3180 Msti
1142 3119 1160 3178 J
1161 3136 1223 3178 oan.
1237 3121 1327 3180 Norf.

165 3230 166 3235 κ
254 3193 318 3252 Bal.
333 3195 403 3250 Bod.
421 3197 502 3273 Mag.
512 3200 598 3258 Cant.
612 3199 877 3275 etNov.‘itemque
893 3199 971 3260 Edit.
987 3203 1101 3260 Asoet
1115 3201 1196 3258 Mau.
1211 3197 1283 3258 cum
1296 3199 1327 3260 io

252 3272 380 3348 vulgatis
393 3274 632 3364 duaepostremae
646 3277 817 3359 moesiam&
829 3278 1043 3358 conjungantur
1056 3303 1064 3350 ;
1079 3277 1265 3356 nequeenim
1275 3297 1328 3338 oe·

254 3367 340 3412 oense
355 3362 409 3422 est,
423 3363 456 3410 ut
465 3371 491 3410 ιε
506 3373 612 3412 omnes
626 3356 820 3434 Respublicas
834 3373 1000 3436 cognoscat,
1012 3359 1064 3436 qui
1072 3360 1237 3418 Romanam
1252 3359 1327 3418 velit

256 3442 457 3507 cognosceret
476 3450 600 3492 necesse
614 3446 659 3493 est
673 3448 784 3505 autem,
809 3451 843 3495 ut
855 3439 987 3511 publicas
1009 3458 1058 3498 res
1071 3452 1174 3495 omnes
1184 3437 1187 3443 “
1198 3433 1327 3496 Romani

253 3508 376 3585 imperii
388 3508 471 3581 sciat,
485 3511 537 3586 qui
546 3514 582 3570 de
596 3531 632 3570 eo
646 3511 875 3574 administrando
886 3516 1018 3576 dicturus
1031 3524 1084 3571 est.

296 3595 312 3644 3
324 3587 511 3669 comedam]
524 3593 620 3649 Antea
629 3589 879 3664 ‹lixeratnibilvia
889 3588 1164 3668 cur‘igiturnonhte
1174 3595 1327 3652 concedis?

255 3669 296 3734 Et
307 3680 407 3726 minen
417 3667 484 3728 alibi
507 3669 617 3729 Cicero
629 3687 770 3732 numeros
785 3672 927 3740 mutavit,
949 3670 1022 3730 utin
1035 3670 1064 3728 ii.
1084 3677 1127 3727 18.
1149 3676 1326 3743 nequeenim

255 3760 320 3804 aetaa
333 3749 366 3802 id
373 3765 434 3803 mea
443 3753 593 3819 desiderat,
605 3763 632 3806 et
643 3751 722 3808 aliud
730 3756 840 3810 dicendi
844 3769 936 3822 genua
946 3752 1035 3808 secati
1044 3771 1145 3808 manua.

294 3833 313 3880 4
328 3823 401 3896 quod
409 3832 597 3887 nonaaouma
615 3833 686 3885 oenc
695 3831 813 3899 dicmdi,
826 3827 900 3908 eto]
913 3829 980 3888 Vox
993 3832 1122 3888 habuerit
1142 3828 1210 3889 ideo
1223 3829 1325 3908 singu·

1417 2563 1420 2582 t

1368 2609 1371 2616 ι

253 3905 325 3964 laris
352 3907 539 3967 estnumeri.
561 3908 629 3985 quia
649 3927 707 3966 vox
734 3910 922 3982 Chrysippam
938 3907 1079 3983 proxime
1103 3926 1322 3986 praecssserat3
1420 3913 1422 3926 ’

254 3982 390 4062 quamvis
403 4003 446 4051 ea,
461 4003 527 4062 quae
543 3987 592 4046 hic
604 3991 641 4047 de
654 3986 713 4057 illo,
724 3991 760 4047 de
773 3987 839 4045 aliis
852 3986 926 4046 item
944 3987 1084 4047 dieantur.
1126 3990 1272 4050 Similiter
1281 3994 1323 4050 lo·

253 4077 341 4124 cutus
355 4076 400 4122 eat
412 4064 519 4126 cicero
529 4065 559 4123 in
570 4086 595 4124 c.
612 4075 653 4125 18.
666 4071 775 4126 Horum
782 4069 840 4136 alii,
848 4071 1047 4138 sicutisteime
1056 4073 1254 4138 Mnesarchus,
1263 4075 1323 4145 Itos,

255 4163 325 4216 quos
337 4163 388 4200 noa
396 4157 520 4202 oratores
533 4166 705 4215 vacaremus,
722 4151 791 4204 nisa
800 4165 860 4204 ease
872 4145 993 4216 dicebat,
1003 4151 1071 4220 mai,
1084 4163 1162 4208 ete:
1182 4159 1258 4207 utet
1271 4151 1323 4208 Li·

253 4223 320 4281 vius
333 4223 352 4279 i.
367 4230 412 4280 5⁶.
455 4227 496 4294 Ia,
507 4225 712 4296 comprimores
736 4219 869 4297 civitatis,
883 4229 913 4282 in
928 4229 1026 4300 quibas
1038 4232 1167 4300 fratrem
1186 4247 1274 4300 munt,
1286 4237 1322 4290 ‘ab

254 4307 388 4360 avunculo
403 4303 595 4362 interfectum
608 4309 740 4374 audisset,
754 4317 809 4364 etc.
891 4333 894 4338 “

296 4385 313 4437 5
326 4383 357 4437 in
366 4397 428 4441 erte
441 4383 548 4464 auena]
564 4385 612 4444 Sc.
626 4385 719 4444 allent
730 4385 766 4445 ab
780 4385 961 4460 Oratoribus,
975 4384 1112 4464 quoniam
1122 4388 1322 4466 Philosophia,

1413 4267 1422 4466 i

1414 4541 1422 4986 ἱ
