2808 5020
240 353 294 412 roa
580 418 582 427 .
651 347 712 407 os
730 331 936 412 onsrons

234 492 412 566 verborum
421 490 666 576 collocatione,
681 504 717 567 et
732 503 852 569 tractu
863 493 1024 568 orationis
1038 493 1158 570 leniet
1171 491 1325 594 ssqucbi

233 591 257 662 li
275 590 451 687 perpolivit
461 591 548 664 illud
564 615 674 688 opus;
702 596 837 672 sedrut
855 595 959 664 homo
980 605 1094 691 neque
1109 592 1251 674 doctus,
1264 598 1323 680 rie

231 711 302 786 quc
318 688 465 762 maxime
481 699 584 786 aptus
603 689 656 764 ¹ad
680 690 881 770 dicendum,
906 690 998 760 sicut
1019 691 1147 808 potuit,
1171 689 1321 766 dolavit:

135 845 140 854 ,
231 784 313 859 vicit
326 795 455 865 tamen,
473 787 617 867 utdicis,
632 787 835 882 superiores.
886 781 1036 857 Minime
1055 789 1194 867 mirum,
1205 787 1321 884 inquit

231 883 420 964 Antonius,
447 885 477 958 si
493 886 557 956 ista
573 907 627 957 res
641 884 756 956 adhuc
771 882 895 960 nostrd
920 883 1041 978 lingui
1059 883 1231 962 illustrata
1248 909 1325 958 noa

231 991 302 1054 est:
327 1007 433 1058 nemo
454 983 548 1056 enim
564 981 681 1056 studet
696 979 913 1078 eloquentius
926 990 1119 1062 nostrorum
1131 982 1324 1064 hominum,

230 1077 296 1150 nisi
314 1100 351 1152 u:
368 1080 405 1152 in
421 1081 548 1152 caussis
575 1089 682 1176 atque
707 1080 745 1152 in
771 1079 847 1151 foro
875 1079 1031 1152 eluceat:
1056 1079 1146 1176 apud
1173 1078 1327 1160 Graecot

227 1188 350 1250 cirtem
365 1177 643 1272 eloquentissimi
659 1177 831 1256 homines,
847 1175 971 1249 remoti
990 1179 1012 1248 a
1028 1176 1159 1248 caussis
1173 1175 1325 1250 lorensi·
1393 1233 1394 1236 ,

231 1273 310 1354 hus,
322 1299 403 1352 curn
414 1274 457 1345 ad
471 1284 623 1348 coeteras
633 1297 687 1344 res
702 1272 869 1354 illustres,
878 1283 953 1346 turn
962 1273 1007 1346 ad
1023 1273 1244 1348 scribendam
1257 1273 1326 1346 his·

231 1371 354 1446 torium
370 1372 518 1446 maxime
537 1395 575 1445 sc
590 1370 859 1468 applicaverunt.
910 1370 1074 1465 Namque
1102 1381 1139 1443 et
1162 1368 1352 1456 Herodog
1392 1385 1394 1438 ὲ

230 1477 309 1543 tum
324 1470 436 1552 illum,
450 1471 511 1565 qui
528 1469 688 1567 princeps
710 1491 825 1565 genus
842 1467 910 1540 hoc
921 1467 1068 1550 ornavit,
1082 1468 1120 1542 in
1132 1471 1265 1552 caussis
1276 1472 1328 1542 ni·
1393 1519 1394 1548 2

230 1565 280 1640 hil
295 1567 440 1658 omnino
452 1579 624 1645 versatum
635 1591 714 1639 esse
728 1567 945 1664 accepimus:
960 1565 1059 1736 apqui
1075 1568 1173 1640 tants
1186 1577 1241 1641 est
1253 1568 1327 1639 elo

230 1665 389 1764 quentis,
406 1677 447 1739 ut
462 1689 516 1738 me
530 1665 681 1762 quidem,
709 1675 882 1762 quantum
905 1689 972 1761 ego
1022 1665 1114 1738 raecc
1133 1666 1260 1761 scripta
1278 1665 1332 1736 in*

231 1764 389 1860 telligere
417 1787 569 1860 possum,
584 1771 806 1862 'magnopere
836 1762 998 1836 delectet.
1051 1764 1099 1834 Et
1116 1773 1209 1860 post
1225 1761 1328 1840 illum

230 1861 462 1957 Thucydides
472 1885 595 1938 omnes
609 1859 747 1938 dicendi
763 1859 918 1941 artificio,
935 1883 1011 1934 mes
1027 1860 1212 1939 sententia,
1222 1858 1327 1934 facile

230 1957 332 2030 vicit:
359 1959 419 2051 qui
435 1959 481 2028 ita
497 1962 619 2029 creber·
643 1967 697 2029 est
712 1981 827 2028 rerum
847 1957 1052 2049 frequentia,
1080 1966 1122 2025 ut
1142 1960 1328 2030 verborum

228 2075 337 2227 prope
353 2077 539 2131 numerum
555 2053 802 2126 sententiarum
815 2075 964 2123 numero
988 2062 1245 2147 consequatur3
1279 2056 1329 2128 ito

259 2150 338 2224 orrd
355 2152 465 2224 verbis
482 2166 584 2249 aptus
599 2161 637 2224 et
649 2171 800 2248 pressus,
818 2147 997 2229 utnecias,
1022 2149 1143 2233 utrum
1176 2173 1231 2224 res
1255 2177 1328 2226 ora·

229 2251 400 2332 tione‚an
415 2251 516 2324 verbo
533 2249 719 2322 sententiis
741 2247 973 2320 illustrentur.
1021 2243 1131 2344 Atqui
1155 2263 1204 2321 'ne
1224 2249 1325 2323 huno
1393 2299 1394 2312 t

231 2349 384 2444 quidem,
400 2373 610 2443 quamquam
625 2355 680 2428 est
692 2346 730 2418 in
742 2344 1106 2440 Repuhhcaversatus‚
1119 2369 1164 2416 ex
1176 2371 1326 2431 numero
1392 2389 1393 2398 κ

191 2517 196 2528 ,
245 2447 442 2541 accepimus
455 2469 585 2524 eorum,
614 2442 674 2538 qui
704 2443 870 2514 lcaussas
897 2441 1097 2514 dictitatunt
1109 2471 1119 2530 ;
1144 2455 1183 2518 et
1199 2444 1274 2521 hos-
1292 2446 1327 2529 li÷
1391 2421 1394 2469 ⁵

229 2539 309 2614 bros
322 2553 399 2615 turn
411 2541 585 2640 scripsisse
597 2539 735 2620 dicitur,
751 2540 1074 2637 chma'ltepuhlica
1085 2551 1256 2630 remotus,
1278 2554 1327 2617 at·

229 2661 313 2734 que,
326 2641 362 2712 id
373 2639 475 2736 ,quod
486 2639 617 2736 optimo
631 2639 757 2734 cuique
771 2635 1093 2728 Athenisaccidere
1106 2640 1249 2715 solitum
1261 2651 1324 2724 esc·
1392 2669 1393 2704 l

229 2737 268 2814 in
281 2738 442 2812 exsilium
458 2739 579 2834 pulsus
592 2745 694 2809 esset.
742 2733 852 2810 Hunc
867 2745 1077 2809 consecutus
1106 2748 1161 2810 cst
1182 2740 1326 2838 Syracu·

223 2834 304 2921 sius
314 2837 493 2917 Philistus,
514 2835 686 2934 quietim
699 2833 861 2929 Dionysii
884 2834 1028 2928 tyranni
1043 2834 1324 2912 fundliarissimus

230 2945 326 3009 esset
341 2937 453 3010 otium
468 2959 573 3007 suurn
584 2931 779 3007 consumsit
802 2931 839 3003 in
852 2929 992 3005 historia
1007 2929 1200 3009 scribenda,
1216 2936 1329 3006 maxi·

230 3027 358 3128 indque
367 3031 615 3130 Thucydidem
627 3039 692 3112 est,
707 3029 796 3102 sicut
808 3027 892 3102 mihi
903 3027 1046 3108 videtur,
1062 3026 1222 3102 imitatus.
1240 3033 1322 3104 Pos·
1391 3061 1392 3102 l

230 3143 286 3204 tea
296 3130 391 3214 veri),
409 3132 426 3182 2
444 3129 542 3228 quasi
558 3153 602 3202 ex
613 3125 796 3202 clarissima
811 3125 960 3213 rhetoris
976 3124 1122 3209 officina,
1145 3128 1218 3200 duo
1234 3151 1322 3226 prae·
1391 3159 1392 3202 l

229 3237 368 3308 stantes
394 3228 551 3328 ingenio,
576 3227 825 3325 Theopompus
848 3233 886 3296 et
900 3224 1074 3322 Ephorus,
1105 3225 1153 3297 sb
1170 3221 1333 3302 Isocrate
1390 3293 1391 3304 ,

230 3425 342 3506 quenti,
354 3445 425 3486 curn
438 3429 476 3486 de
491 3420 631 3484 Historiae
644 3422 760 3498 legibus
773 3441 874 3484 sermo
887 3435 943 3495 est,
956 3422 1035 3493 dicit,
1046 3426 1236 3486 Rorwnrctio
1249 3427 1320 3486 ordia

231 3525 293 3566 neon
307 3514 464 3574 temporum
473 3505 621 3570 desiderat,
636 3507 779 3574 regionem
788 3504 1007 3574 descripsimus·
1218 3565 1220 3570 ,
1234 3563 1237 3570 ,

275 3590 286 3639 1
304 3601 418 3640 caussae
441 3585 610 3638 dictitarent
619 3579 648 3658 ς]
671 3579 690 3635 i.
705 3599 731 3638 e.
746 3578 916 3658 frequenter
926 3599 1045 3640 caussas
1054 3579 1202 3653 dixerunt,
1212 3582 1281 3650 sive.
1291 3580 1324 3640 is
1389 3605 1390 3665 q

230 3679 340 3724 munus
353 3661 383 3718 in
404 3681 437 3720 se
446 3674 649 3736 susceperunt,
664 3671 698 3718 ut
718 3677 773 3736 pro
786 3660 891 3720 amicis
904 3673 935 3720 et
948 3659 1100 3720 clientibus
1114 3679 1232 3722 caussas
1242 3663 1317 3721 dices

230 3750 304 3802 rent.
344 3741 489 3799 Dicritcrc
501 3753 547 3799 est
560 3741 684 3798 verbum
694 3737 952 3817 frequentativum,
965 3752 999 3799 ut
1018 3757 1088 3798 cum
1114 3739 1317 3820 Grammaticis

74 3882 77 3900 ,
149 3816 155 3834 s
183 3813 188 3830 '
230 3821 342 3894 icquar.
384 3817 573 3896 'thucydides
597 3819 691 3880 fertur
713 3818 912 3896 Pyrilarnpem
925 3816 1088 3898 injudicio,
1111 3821 1227 3881 Pericle
1239 3835 1340 3892 secu,

230 3895 464 4036 ffltelmim
480 3897 666 3970 delendum
686 3901 739 3962 scd
760 3916 878 3958 caussas
890 3917 949 3970 non
973 3915 1054 3974 saepe
1077 3899 1141 3978 ogit
1153 3900 1180 3959 si
1192 3898 1314 3978 historic
1388 3941 1389 3948 κ

271 3996 304 4037 es
336 3988 375 4036 st.
1240 4025 1242 4032 i

270 4063 288 4112 2
304 4060 386 4129 quaet
398 4058 729 4117 exchrriroimorlreroris
740 4051 875 4138 officina]
886 4057 954 4116 MS.
965 4058 1048 4116 Harl.
1062 4067 1085 4116 l.
1100 4061 1178 4118 hunc
1190 4057 1317 4117 ordinem

230 4139 391 4198 verborum
404 4147 510 4206 servat,
524 4157 564 4193 ex
576 4141 730 4198 cuderim
752 4135 836 4213 quasi
858 4141 990 4194 Rhetoria
1011 4140 1118 4214 affirm
1133 4158 1144 4196 .·
1163 4141 1237 4198 bene
1251 4133 1317 4196 chrn

115 4283 118 4286 ,
230 4217 312 4276 enim
324 4219 475 4292 vonqrrasi
483 4217 520 4274 ad
532 4215 595 4274 vim
607 4217 697 4276 solius
710 4215 793 4277 vocis
807 4218 916 4290 officina
924 4217 1076 4276 levandam
1085 4230 1251 4293 usurpetur,
1261 4220 1317 4274 lon·
1387 4261 1388 4272 ,

230 4294 269 4372 ge
284 4297 319 4351 ab
330 4313 366 4354 co
379 4297 480 4366 abesse
493 4314 550 4354 non
563 4297 669 4355 debet:
689 4296 740 4356 Sic
766 4293 874 4354 Cicero
891 4299 928 4356 de
942 4297 1017 4372 ch.
1029 4295 1049 4353 i.
1069 4301 1113 4354 13.
1158 4292 1315 4365 Philosophi

231 4371 457 4451 qucsloffieinas
467 4379 667 4437 instruxerunt
679 4380 820 4447 sordentia
837 4396 847 4432 .·
861 4387 892 4434 et
904 4377 934 4435 in
945 4377 1046 4436 Bruto.
1060 4393 1085 4434 c.
1101 4381 1129 4433 8.
1138 4379 1250 4454 Dcnrua
1264 4375 1316 4448 lory

232 4455 328 4527 cratis
344 4454 429 4532 quasi
441 4453 528 4520 ludus
538 4457 650 4542 quidam
663 4469 747 4530 atqup
760 4453 874 4516 officina
885 4458 1004 4532 dicmur,
1016 4465 1072 4518 cto.
