2808 5020
235 369 276 422 ss
637 355 702 418 ,un
720 351 924 418 onn'ronn

89 553 94 570 ,
235 531 258 578 o
301 503 591 586 rectitudinem
606 513 731 580 noctes
745 514 784 578 et
797 503 872 578 dies
888 511 1070 600 urgeatur3
1090 501 1317 600 imiteturque
1393 513 1394 580 l

233 603 259 676 il
272 627 343 681 um,
357 601 412 676 cui
429 601 505 676 sine
515 602 764 676 dubiosumma
775 601 824 674 vis
836 602 975 678 dicendi
987 601 1201 684 conceditur,
1213 601 1318 674 Athe·

233 699 702 781 niensemrDemostbenm
718 699 756 772 in
778 722 850 794 quo
873 707 1010 772 tannim
1030 699 1185 776 studium
1207 697 1318 772 lause

233 808 421 894 tantusque
437 799 530 872 labor
545 795 683 877 dicitur,
699 805 742 868 ut
758 795 906 892 primitur
922 795 1170 916 impedimenta
1181 806 1321 870 naturae

232 896 409 992 diligentia
433 895 671 996 industriaque
702 904 901 992 superaret3
941 917 1095 992 eumque
1120 895 1170 968 ita
1199 896 1322 969 balbus

232 1003 336 1076 esset,
353 1003 396 1066 ut
412 993 485 1090 ejus
513 992 620 1089 ipsius
642 991 736 1073 artis,
750 991 809 1066 oui
832 991 1002 1074 studeret,
1018 992 1160 1090 primam
1181 993 1321 1066 literam

231 1115 307 1164 non
317 1101 434 1190 posset
450 1090 576 1172 dicere,
600 1089 744 1190 perfecit
765 1089 976 1174 meditando,
1001 1103 1044 1164 ut
1059 1113 1165 1166 uerno
1180 1090 1324 1188 plamim
1393 1089 1394 1146 l

231 1213 277 1262 eo
292 1189 435 1262 locutus
448 1184 649 1285 putaretur3
684 1187 825 1270 deinde,
853 1187 936 1262 oum
960 1187 1101 1287 spiritus
1127 1188 1200 1285 ejus
1226 1191 1326 1260 esset
1393 1147 1394 1242 l

228 1287 419 1385 angustior,
442 1285 578 1358 tantum
588 1283 803 1359 continenda
813 1285 927 1360 anima
942 1286 980 1360 in
994 1286 1148 1360 dicendo
1165 1294 1219 1358 ast
1231 1308 1326 1358 asse·

229 1393 347 1464 cutus,
381 1393 421 1457 ut
447 1407 517 1456 una
544 1382 806 1458 continuatione
833 1385 1016 1456 verborum
1046 1383 1098 1476 (id
1123 1383 1221 1481 quod
1247 1383 1325 1478 ejus

230 1481 360 1580 scripta
370 1480 561 1573 declarant)
578 1482 673 1556 binae
700 1480 734 1554 ei
761 1481 1009 1556 contentiones
1025 1481 1120 1554 vocis
1142 1493 1181 1556 et
1204 1481 1329 1556 remis»

229 1580 348 1654 siones
358 1578 634 1654 continerentur.
685 1577 762 1663 Qui
772 1580 873 1658 eliam
887 1582 945 1673 (ut
955 1579 1132 1654 memoriae
1146 1579 1330 1677 proditum·

229 1680 310 1769 est)
334 1677 503 1773 conjectis
516 1677 553 1752 in
566 1703 606 1751 os
617 1677 771 1761 calculis,
795 1703 929 1752 summa
943 1703 1028 1752 voce
1044 1701 1165 1750 versus
1188 1677 1333 1758 multos,

230 1799 305 1850 uno
314 1775 437 1874 spiritu
450 1777 676 1874 pronuntiare
691 1778 961 1862 consuescebat3
978 1777 1005 1830 '⁷
1017 1789 1132 1872 neque
1147 1776 1175 1848 is
1189 1775 1328 1848 'consis-

229 1883 315 1966 tens
327 1875 366 1948 in
378 1874 468 1953 loco,
482 1873 546 1947 sed
562 1872 794 1956 inambulans,
810 1885 919 1971 atque
931 1875 1104 1977 adscensu
1125 1871 1329 1970 ingrediens

229 1971 350 2042 arduo.
400 1969 511 2041 Hisce
526 1995 592 2064 ego
616 1971 921 2052 cohortationibus,
946 1970 1081 2050 Crasse,
1105 1970 1150 2039 ad
1166 1969 1328 2058 studium

230 2078 270 2146 et
285 2067 329 2158 ud
344 2066 493 2140 laborem
504 2064 705 2138 incitandos
725 2065 870 2160 juvenes
886 2066 1105 2138 vehementer
1132 2064 1334 2139 assentiunt,

229 2173 459 2263 ooeteraquae
475 2161 643 2261 collegisti
660 2181 705 2235 ex
720 2161 823 2234 variis
836 2173 874 2237 et
893 2161 1039 2238 diversis,
1054 2161 1174 2234 studiis
1192 2171 1229 2234 et
1242 2163 1327 2235 arti-

228 2265 307 2356 bus,
319 2261 458 2340 tametsi
474 2261 548 2360 ipse
559 2285 599 2333 es
613 2259 730 2335 omnia
744 2261 967 2342 consecutus,
977 2270 1093 2345 tamen
1109 2262 1152 2332 ab
1175 2260 1324 2334 oratoris
1393 2277 1394 2342 l

228 2362 369 2464 proprio
384 2359 498 2435 officio
512 2369 618 2456 atque
628 2383 776 2436 munere
791 2358 950 2454 sejuncta
957 2385 1035 2446 esse
1047 2359 1200 2432 arbitror.
1311 2417 1329 2430 ,,

251 2525 253 2530 .
288 2457 408 2549 LXII.
430 2458 523 2530 Haec
537 2457 622 2530 *cum
636 2454 816 2530 Antonius
830 2455 982 2541 dixisset,
996 2459 1082 2530 sane
1104 2457 1262 2532 dubitare
1277 2457 1329 2530 vi·-

227 2557 288 2632 sus
304 2565 360 2648 est
374 2543 544 2653 Sulpitiirs
558 2563 596 2627 et
606 2553 723 2634 cota,
732 2554 849 2627 utrius
865 2555 973 2628 oratio
985 2552 1123 2654 propibs
1140 2556 1185 2628 ad
1200 2557 1321 2630 verita·

229 2663 304 2728 tem
317 2652 489 2727 videretur
501 2651 678 2726 accedere.
728 2653 824 2726 Tum
833 2651 989 2734 Crassus,
1003 2653 1331 2751 Operariumnobis

229 2751 418 2850 quendam,
430 2749 577 2833 Antoni,
594 2760 766 2835 oratorem
785 2749 892 2838 ,facin
915 2761 1021 2849 atque
1050 2751 1140 2826 haud
1165 2751 1252 2836 scio,
1277 2779 1324 2826 an

226 2850 328 2928 aliter
358 2849 500 2936 sentiae,
515 2858 553 2922 et
568 2857 663 2922 utare
682 2857 743 2922 tua
769 2847 828 2922 illa
855 2849 999 2926 mirifica
1019 2850 1064 2924 ad
1090 2849 1324 2926 refellendum

228 2947 498 3044 consuetudine,
522 2972 592 3044 qua
607 2945 671 3019 tibi
696 2969 805 3034 nemo
820 2971 985 3044 umquam
1007 2945 1191 3046 praestitit:
1211 2950 1331 3044 cujus

218 3047 371 3146 'quidem
386 3045 494 3144 ipsius
506 3044 679 3120 facilitatis
693 3045 893 3118 exercitatio
910 3057 1083 3132 oratorum
1100 3044 1236 3143 propria
1252 3056 1322 3129 est,

228 3147 291 3218 sed
303 3146 427 3240 jamin
448 3145 731 3243 philosophorum
753 3145 1007 3232 consuetudine
1023 3151 1186 3223 versatur,
1214 3145 1321 3218 maxi·

228 3245 357 3339 meque
369 3267 502 3327 eorum,
516 3242 576 3340 qui
588 3243 632 3316 de
644 3240 740 3316 omni
750 3267 788 3316 re
801 3244 973 3343 proposita
987 3242 1027 3314 in
1039 3249 1224 3337 utramque
1248 3267 1320 3340 par·

228 3355 303 3415 tem
317 3341 437 3415 solent
450 3338 684 3440 copiosissime
704 3339 830 3416 dicere.
882 3341 1017 3415 Verium
1033 3355 1100 3439 ego
1111 3340 1318 3414 non'solr‘rm

227 3438 424 3520 arbitrabar,
455 3437 509 3512 bis
537 3436 730 3534 prasertim
756 3438 987 3526 audientibus,
1017 3441 1118 3512 ime
1141 3437 1317 3512 informari

227 3545 396 3636 oportere,
410 3535 522 3634 qualis
533 3557 609 3608 esse
621 3544 737 3632 posset
748 3533 789 3618 is,
813 3536 875 3634 qui
892 3535 1109 3610 habitaretis
1134 3535 1318 3624 subselliis,

226 3657 345 3732 neque
358 3633 547 3732 quidquam
571 3631 718 3729 amplius
732 3633 880 3716 afferret,
889 3635 998 3729 quam
1013 3631 1110 3728 quod
1121 3656 1318 3714 caussarum

228 3727 417 3830 necessitas
435 3730 645 3829 postularem
669 3730 730 3804 sed
745 3731 853 3829 majus
869 3731 1032 3829 quiddam
1050 3729 1221 3814 videbam,
1233 3732 1317 3806 oum

177 3896 183 3903 ,
227 3831 415 3906 censebam
430 3839 612 3928 oratorem,
628 3829 824 3928 praesertim
838 3829 877 3906 in
890 3841 1010 3904 nostra
1026 3829 1229 3928 Republica,
1239 3833 1320 3904 nul»

226 3925 293 4030 lius
306 3925 498 4002 ornamenti
515 3937 694 4026 expertem
709 3951 785 4002 esse
797 3937 967 4025 oportere.
1019 3927 1080 4000 Tu
1090 3937 1219 4008 autem,
1231 3953 1316 4026 quo

228 4026 321 4102 niam
335 4024 470 4124 exiguis
494 4024 699 4126 quibusdam
721 4026 849 4102 sinibus
876 4033 991 4104 totum
1017 4025 1162 4100 oratoris
1188 4051 1319 4104 munus

169 4305 173 4320 ι
225 4223 289 4282 Bal.
298 4222 399 4360 xltylaad
414 4233 444 4282 et
458 4221 540 4284 Harl.
555 4219 721 4302 mitemque
733 4222 803 4285 edit.
816 4223 896 4284 Van.
912 4223 1035 4286 Mediol.
1047 4223 1152 4284 Lamb.
1165 4233 1196 4284 et
1209 4221 1316 4286 Manu·

226 4314 285 4438 ml
305 4304 401 4454 cdliii
411 4314 623 4468 siniriacum]
640 4357 796 4452 Manutius
816 4392 849 4448 et
868 4384 1030 4455 Lambinus
1051 4385 1166 4466 legunt,
1180 4401 1273 4458 neque
1286 4381 1315 4441 id

226 4472 395 4534 concuteris,
404 4473 464 4522 otc.
988 4482 991 4486 ⁷
