2882 5012
227 263 285 324 m
551 290 555 296 ¹
648 255 707 324 DE
726 258 936 324 ORATOR!

230 409 282 486 roi
304 408 410 509 pedes
424 409 463 484 in
482 407 649 508 principia
664 408 981 486 continuandorum
996 407 1175 484 uerborum
1191 405 1273 490 satis
1286 405 1349 484 de¹

229 509 310 586 core
323 507 462 582 cadunt.
504 509 673 584 Probatur
685 518 800 582 autem
810 509 854 582 ab
866 509 988 582 eodem
999 507 1057 582 illo
1066 507 1215 582 maximi
1231 529 1345 604 paesu,

228 607 288 705 qui
304 614 358 678 est
372 605 525 704 duplex3
549 607 846 704 namnctilonga
870 606 992 688 oritur,
1018 629 1122 706 quam
1139 615 1211 678 tres
1223 607 1345 678 breues

225 716 563 802 consequuntur3nt
573 706 653 782 hcc
664 708 776 785 verba,
786 703 942 786 desinite,
950 706 1103 804 incipite,
1115 706 1345 801 comprimite:

226 804 326 877 suti
353 803 508 880 brevibus
532 804 695 902 deinceps
718 803 839 885 tribus,
866 813 1020 1002 ffiffipfl
1068 803 1213 876 roduota
1239 809 1349 898 atque

231 901 355 997 longo
380 901 470 978 sicut
494 902 551 976 illc
567 913 664 983 sunt,
688 899 898 983 damnemur,
914 927 982 974 rom
1008 883 1100 977 ἴω.
1147 899 1274 1001 Atque
1306 897 1351 970 illi

229 997 431 1097 philosopho
471 1000 574 1074 ordiri
603 1001 717 1099 placet
746 1000 963 1098 isuperiore
989 1024 1125 1100 paeane,
1159 999 1356 1100 posteriore

229 1095 348 1170 finire:
384 1107 438 1168 est
453 1109 569 1170 sutem
594 1122 697 1196 poean
714 1098 772 1171 hic
790 1099 954 1196 posterior
968 1124 1041 1176 nou
1054 1099 1261 1198 syllabarum
1282 1120 1349 1169 nu·

229 1215 338 1275 mero,
349 1193 410 1266 sed
425 1194 557 1266 aurium
568 1219 743 1275 mensura,
755 1197 853 1291 quod
866 1209 921 1272 est
933 1199 1043 1274 scrius
1047 1197 1219 1296 judicium
1231 1205 1270 1269 et
1282 1218 1357 1268 cer·

230 1291 312 1374 tius,
327 1315 384 1390 pur
401 1291 472 1364 lere
488 1294 628 1373 cretico,
638 1293 698 1390 qui
710 1301 768 1369 est
778 1316 822 1368 ex
832 1294 937 1388 longa
947 1304 984 1367 et
1000 1294 1092 1368 brevi
1108 1307 1143 1368 et
1154 1295 1260 1392 longa
1275 1320 1289 1380 3
1305 1300 1359 1376 ut,

312 1404 392 1475 Quor
401 1403 634 1476 percmpraesidi,
652 1418 704 1464 nur
716 1403 887 1476 exsequar?
902 1423 994 1480 quoue
1008 1405 1113 1462 nunc?

233 1498 269 1574 A
287 1525 360 1598 quo
378 1525 526 1576 numero
541 1526 687 1580 exorsus
707 1512 761 1576 est
777 1502 944 1583 Fannius,
969 1500 1021 1581 Si,
1047 1498 1215 1584 eiricus,
1241 1505 1362 1577 minas

232 1597 341 1670 illim.
381 1597 496 1674 Hunc
512 1600 570 1676 ille
586 1602 749 1678 clausulis
758 1601 924 1700 aptiorem
936 1606 1046 1699 putat,
1059 1623 1144 1698 quas
1157 1599 1235 1673 uult
1245 1601 1365 1699 longa

233 1695 442 1796 plerumque
455 1700 584 1798 syllaba
598 1702 785 1776 terminari
1163 1709 1166 1720 '

283 1793 468 1870 XLVlll.
520 1799 649 1900 Neque
665 1800 747 1873 verb
765 1799 844 1875 luec
861 1810 932 1873 tarn
949 1823 1061 1873 acrem
1076 1822 1194 1877 curam
1210 1798 1362 1895 diligen·

236 1891 391 1990 tiamque
407 1895 618 1980 desiderant,
643 1900 747 1994 quam
764 1910 819 1972 est
835 1897 893 1971 illa
904 1897 1103 1996 po'e'tarum.
1130 1917 1218 1994 quos
1238 1921 1359 1971 neces

236 1989 321 2062 sitas
334 1991 442 2087 cogit,
463 2005 502 2066 et
521 1994 584 2090 ipsi
602 1996 740 2068 numeri
756 2021 797 2071 ac
813 1997 918 2078 modi,
943 1995 994 2068 sic
1010 1997 1111 2068 verba
1127 2019 1230 2069 versu
1248 1995 1360 2068 inclu-

234 2087 328 2168 dere,
355 2099 393 2162 ut
414 2089 503 2162 nihil
526 2090 571 2164 sit
593 2117 640 2166 ne
665 2093 787 2190 spiritu
808 2094 952 2190 quidem
979 2090 1126 2166 minimo
1141 2094 1282 2166 breuius
1299 2101 1360 2166 aut
1410 2151 1411 2162 ,

236 2185 385 2284 longius,
409 2193 518 2286 quani
533 2205 753 2266 nscesseesc
802 2191 964 2265 Liberior
974 2201 1030 2264 est
1042 2191 1165 2272 orario,
1190 2201 1230 2266 et
1241 2192 1358 2290 pune,

235 2297 279 2358 u't
307 2285 444 2368 dicitur,
469 2287 519 2360 sic
541 2297 576 2362 et
597 2298 649 2362 est
670 2291 764 2371 vere,
790 2287 905 2368 soluta
917 2321 927 2379 ;
952 2315 1028 2364 non
1053 2299 1092 2363 ut
1112 2289 1221 2388 fugiat
1236 2299 1354 2362 tamen

235 2393 409 2465 autemst,
434 2385 495 2460 sed
511 2395 555 2459 ut
570 2386 646 2460 sine
664 2388 809 2462 vinculis
826 2389 974 2481 sibiipsa
988 2389 1200 2462 moderetur.
1247 2388 1352 2460 Nam·
1410 2419 1411 2465 i

234 2497 305 2580 que
316 2505 382 2578 ego
395 2482 481 2554 illud
497 2484 668 2555 assentior
682 2481 938 2580 Theophrasto,
961 2484 1023 2578 qui
1036 2494 1136 2581 putat
1152 2485 1357 2563 orationem,

234 2601 317 2677 quae
336 2579 477 2675 quidem
493 2579 540 2654 sit
560 2580 668 2679 polita
688 2589 794 2676 atque
810 2579 901 2653 iacta
921 2581 1192 2678 quodammodo,
1216 2607 1292 2657 non
1303 2583 1355 2656 ad·

234 2679 368 2758 stricte,
393 2679 454 2750 sed
473 2678 651 2752 remissius
662 2702 884 2752 numerosam
894 2703 971 2752 esse
981 2690 1152 2780 oportere.
1200 2682 1356 2759 Etenim,

234 2776 325 2850 sicut
349 2775 405 2849 ille
424 2777 629 2876 suspicatur,
657 2779 732 2850 lex
748 2775 815 2848 illis
832 2777 958 2860 modis,
984 2778 1110 2876 quibus
1129 2779 1187 2852 bio
1201 2779 1356 2852 usitatus.

234 2897 354 2948 versus
373 2875 534 2956 efficitur,
558 2883 637 2973 posi
652 2884 862 2972 anapaestus,
888 2875 1063 2974 procerior
1078 2877 1215 2972 quidam
1226 2901 1355 2951 nume·
1408 2927 1409 2932 ,

233 2998 307 3055 rus,
332 2973 482 3049 effloruit
493 3001 504 3058 ;
528 2973 612 3046 inde
623 2972 681 3044 ille
692 2973 851 3046 licentior
864 2982 901 3044 et
910 2974 1045 3047 divitior
1055 2973 1154 3046 fluxit
1166 2971 1358 3069 dithyram-

234 3074 313 3152 bus,
338 3071 436 3168 cujus
451 3073 603 3152 membra
619 3081 657 3144 et
673 3072 794 3168 pedes,
818 3079 858 3142 ut
873 3071 1028 3146 nitidem
1044 3080 1129 3144 sunt
1146 3071 1293 3144 inomni
1311 3073 1354 3144 lo

235 3171 366 3266 cupleli
377 3169 530 3246 oratioue
547 3169 692 3250 diffusa:
710 3183 744 3242 et
754 3169 783 3241 si
794 3193 1025 3246 numerosum
1035 3180 1089 3242 est
1099 3169 1182 3242 idin
1195 3172 1353 3246 omnibus

234 3269 331 3340 sonis
341 3277 444 3366 ablue
460 3269 613 3349 vocibus,
639 3268 735 3370 ¹quod
751 3268 853 3340 habet
870 3269 1035 3365 quasdam
1051 3268 1304 3365 impressiones,
1320 3275 1353 3339 et

237 3367 334 3468 quod
347 3366 461 3446 metiri
476 3389 666 3474 possumus
688 3366 875 3450 interuallis
890 3367 1099 3465 aequalibus,
1122 3365 1220 3441 reete
1243 3387 1351 3465 genus
1407 3423 1408 3450 ἶ

234 3573 309 3621 cant.
349 3563 502 3623 Ponuntur
518 3563 615 3640 itaque
626 3581 683 3628 nou
697 3561 922 3642 sinediguitate,
939 3563 1012 3624 etin
1026 3563 1173 3641 principio
1188 3563 1261 3624 etin
1282 3564 1345 3629 fine,

231 3641 281 3700 rel
295 3640 352 3714 ipsi
365 3643 465 3704 ordine
479 3647 570 3720 pedes
579 3644 662 3704 heroi
677 3657 737 3708 tres
751 3644 903 3724 (dactylus,
918 3658 1093 3722 anapaestus,
1107 3644 1286 3722 spondaeus),
1300 3641 1339 3700 vel

234 3715 348 3789 siusuli
373 3740 443 3782 curn
458 3723 521 3782 aliis
534 3722 630 3792 mixti,
651 3723 731 3802 quod
749 3723 847 3803 potiris
862 3737 907 3784 est
927 3723 1159 3802 intelligendum.
1202 3727 1346 3783 Strebaeur.
1407 3749 1408 3839 p

233 3797 400 3862 Lambinus
415 3801 576 3879 legendum
591 3823 658 3870 csse
669 3801 791 3872 censuit,
804 3809 845 3862 Ar
859 3810 899 3864 lrae
919 3815 986 3867 runt
997 3809 1135 3877 gemina:
1157 3805 1208 3862 sed
1222 3821 1278 3862 non
1292 3803 1344 3877 pla·

233 3890 291 3937 cen
334 3877 414 3935 Bene
425 3877 575 3941 Strebaeus
583 3883 725 3943 rationem
733 3881 866 3952 reddidit,
875 3883 1134 3941 curdicaturaliae:
1155 3881 1356 3956 etsimecum„

232 3959 335 4028 lector,
343 3955 453 4016 senties
463 3963 548 4032 paulo
556 3974 621 4028 ante
631 3963 923 4042 legendumessered
932 3972 1000 4022 suns
1012 3960 1342 4042 siugulaelicrrnarioner,
1406 4029 1407 4038 ἵ

232 4034 347 4099 videbis
361 4036 418 4094 illis
432 4041 551 4110 singulis
567 4043 618 4100 bas
629 4045 759 4116 geminar
781 4041 835 4102 rite
848 4041 964 4116 opponi.

275 4132 292 4184 7
308 4145 348 4182 ex
361 4130 417 4188 illia
432 4129 531 4192 modia,
545 4125 622 4218 etc]
642 4129 738 4188 Docet
751 4131 903 4204 poetarum
926 4129 1078 4204 exemplo,
1100 4146 1259 4188 numerum
1281 4141 1337 4208 esse

234 4204 344 4262 debere
354 4204 385 4264 in
395 4205 521 4268 oratioue
536 4204 712 4274 liberiorem,
727 4207 795 4284 quia
814 4211 908 4282 poitae
931 4206 985 4265 sibi
999 4207 1196 4285 permiserunt
1218 4205 1340 4266 liberiora

234 4283 401 4346 carminum
416 4303 524 4361 genera
539 4304 547 4344 r
568 4282 651 4344 initio
664 4285 743 4344 enim
758 4285 871 4347 tantbrn
886 4288 1040 4347 utebantur
1063 4287 1193 4348 carmine
1220 4281 1339 4345 Heroico

233 4371 265 4418 et
280 4361 520 4433 lambiens-,mox
543 4363 715 4442 adjecerunt
728 4384 830 4426 versus
854 4364 1070 4442 Anapaesticos,
1093 4365 1145 4444 qui
1168 4377 1236 4425 sunt
1256 4363 1339 4424 multo
1405 4405 1406 4408 η

233 4435 394 4512 liberiores,
403 4444 555 4518 postremo
569 4443 807 4527 Dithynmbiccs
819 4444 954 4542 omnium
967 4444 1140 4510 libeuimos.
1179 4448 1322 4524 Anonym·
1346 4497 1349 4506 ,
