2830 5014
530 329 534 338 '
549 315 673 382 LIBER
692 315 748 382 111.
768 324 796 384 ,3.
1168 325 1228 392 207

110 478 151 542 st
167 464 299 564 ingenii
315 463 420 538 laude
431 461 562 549 floruit,
578 470 686 564 quam
698 469 815 541 fructu
830 465 1066 562 amplitudinis
1075 476 1139 540 aut
1155 469 1233 548 Rei-

109 566 263 666 publicae
280 563 473 661 dignitate:
498 565 557 658 qui
580 576 697 640 autem
712 566 744 638 ei
769 589 883 639 annus
909 565 1038 663 primus
1062 565 1232 640 abhorre

111 688 192 738 rum
208 661 457 762 perfunctione
467 661 608 745 aditum,
626 665 780 738 omnium
796 687 979 746 concessu,
993 663 1037 736 ad
1058 687 1237 739 summam

110 761 353 836 auctoritatem
368 759 482 839 dabat,
499 759 528 830 is
542 761 617 858 ejus
633 785 773 834 omnem
790 785 887 858 spem
901 769 1006 858 atque
1020 761 1136 834 omnia
1146 761 1233 836 vitae

111 858 257 934 consilia
268 867 379 932 morte
396 858 575 956 pervertit.
625 859 709 932 Fuit
741 858 808 932 hoc
824 861 1026 932 luctuosum
1043 857 1123 941 suis,
1143 883 1233 934 acer·

113 957 198 1030 bum
209 958 345 1054 patriae,
362 981 464 1052 grave
475 955 576 1028 bonis
592 956 777 1029 omnibus:
803 957 864 1029 sed
875 957 899 1030 ii
912 967 1030 1030 tamen
1042 957 1234 1054 Rempubli·

109 1079 185 1128 cam
201 1079 303 1128 casus
312 1054 425 1127 secuti
440 1063 537 1135 sunt,
553 1063 593 1127 nt
607 1053 692 1128 milri
709 1077 784 1128 non
800 1067 918 1152 erepta
934 1057 976 1127 L.
988 1054 1149 1129 Crassoa
1168 1055 1233 1127 diis

109 1151 366 1226 ‘immortalibus
383 1153 460 1234 vita,
473 1152 536 1224 sed
558 1151 685 1224 donata
709 1177 802 1225 mors
818 1175 894 1224 esse
915 1152 1081 1224 videatur.
1148 1153 1233 1226 Non

109 1249 199 1323 sidit
221 1249 422 1348 flagrantem
436 1249 523 1326 bello
545 1248 690 1330 ltaliam,
707 1273 780 1320 non
796 1249 978 1322 ardentem
994 1247 1122 1329 invidia
1136 1274 1233 1324 sena-

109 1357 279 1429 tum,non
289 1347 431 1422 sceleris
440 1347 559 1420 nefarii
570 1347 743 1444 principes
754 1346 899 1420 civitatis
911 1371 1000 1428 reos,
1013 1372 1088 1420 non
1098 1349 1232 1422 luctum

110 1445 209 1528 filiae,
227 1469 302 1519 non
314 1445 477 1519 exsilium
495 1445 626 1542 generi,
640 1469 716 1516 non
731 1443 987 1519 acerbissimum
1004 1445 1045 1516 C.
1062 1444 1164 1517 Mani
1181 1447 1233 1519 fu·

109 1564 201 1640 gam,
232 1567 307 1616 non
322 1544 415 1616 illam
428 1552 507 1641 post
519 1541 669 1615 reditum
685 1541 757 1638 ejus
774 1542 915 1615 caedem'
936 1541 1091 1614 omnium
1114 1544 1233 1618 crude·

108 1641 286 1724 lissimam,
311 1665 385 1715 non
403 1640 556 1738 denique
582 1639 621 1712 in
635 1639 732 1712 omni
749 1663 878 1734 genere
902 1639 1126 1714 deformatam
1154 1665 1232 1715 eam

110 1739 299 1824 civitatem,
315 1740 354 1814 in
367 1763 437 1836 qua
445 1740 519 1840 ipse
535 1737 777 1815 florentissima
787 1737 937 1814 multlim
948 1738 1110 1812 omnibus
1124 1739 1232 1837 gloria

113 1837 331 1934 prestitisset.
749 1895 751 1900 .
1155 1900 1157 1904 .

116 1983 121 1993 -
161 1935 232 2008 ΙΙΙ.
259 1935 339 2020 Sed,
353 1938 520 2036 quoniam
539 1938 639 2038 attigi
657 1938 867 2038 cogitatione
881 1937 950 2012 vim
966 1938 1234 2038 varietatemque

97 2033 282 2117 'fortunae,
301 2060 374 2113 uon
389 2039 563 2133 vagabitur
580 2039 691 2110 oratio
717 2063 795 2112 mea
810 2038 958 2136 longiis,
974 2046 1077 2134 atque
1091 2038 1140 2112 eis
1158 2037 1233 2110 fere

109 2130 195 2229 ipsis
209 2133 395 2208 definietur
411 2137 501 2216 viris,
517 2137 579 2232 qui
593 2137 660 2210 hoc
671 2161 844 2217 sermone,
859 2159 965 2234 quem
980 2135 1108 2208 reterre
1124 2135 1233 2245 coepi3

111 2249 206 2311 mua,
218 2233 474 2308 continentur.·
506 2235 601 2318 Quis
619 2235 713 2308 enim
725 2257 801 2307 non
810 2235 887 2331 jure
903 2236 1041 2306 beatam
1057 2234 1099 2304 L.
1116 2233 1232 2305 Crassi

111 2337 263 2402 mortem
279 2329 382 2414 illan,
396 2355 478 2428 quae
495 2341 551 2404 est
568 2331 716 2406 simultis
733 2353 828 2430 saepe
846 2330 981 2414 defleta,
997 2329 1133 2413 dixerit,
1149 2329 1232 2403 clam

110 2426 405 2526 hommipsorum
422 2430 479 2511 sit,
496 2431 556 2526 qui
575 2439 652 2503 tum
674 2455 756 2504 cum
772 2431 832 2503 illo
849 2428 1062 2528 postremum
1078 2430 1150 2502 fere
1163 2428 1233 2504 ool·

110 2525 222 2601 locuti
240 2537 335 2608 sunt,
349 2537 515 2602 eventum
527 2527 759 2602 recordatus?
783 2529 968 2604 Tenemus
983 2529 1077 2603 enim
1104 2549 1232 2622 memo

112 2624 175 2702 ria,
192 2621 243 2704 Q.
259 2623 435 2706 Catulum,
451 2625 561 2700 virum
578 2627 672 2701 omni
688 2626 790 2700 laude
807 2636 1046 2723 praestantem,
1066 2629 1152 2700 dum
1168 2625 1233 2698 sibi

112 2745 190 2794 non
202 2721 414 2796 incolumem
430 2724 612 2806 fortunam,
629 2726 689 2798 sed
706 2724 866 2796 exsilium
882 2725 1052 2818 otingam
1073 2723 1233 2816 depreca-

110 2827 222 2901 retur,
234 2843 312 2894 esse
328 2829 499 2902 coactum,
516 2832 558 2893 ut
569 2821 637 2894 vita
653 2847 689 2895 se
701 2823 775 2921 ipse
792 2819 946 2934 privaret.
996 2821 1071 2890 Jam
1083 2819 1135 2893 M.
1159 2817 1230 2890 An·

110 2917 198 2994 tonii
213 2919 250 2992 in
268 2917 323 2992 his
335 2917 418 3018 ipsis
436 2919 563 3003 rostris,
581 2920 621 2992 in
640 2921 767 3018 quibus
790 2919 850 2992 ille
873 2915 1135 3015 Rempublicam
1150 2941 1231 2988 con-

108 3016 329 3093 stantissimi²
347 3017 471 3092 consul
490 3015 705 3102 defenderat,
723 3043 878 3116 quaeque
897 3041 1024 3093 censor
1052 3015 1231 3110 imperato-

109 3113 358 3188 riis-manubiis
374 3126 520 3196 ornarat,
530 3117 684 3214 positum
694 3128 800 3215 caput
811 3116 897 3189 illud
912 3116 993 3193 tuit,
1009 3115 1030 3182 ὲ
1045 3121 1231 3210 quoerant

113 3212 304 3285 multorum
320 3214 446 3288 civium
454 3214 567 3310 capita
583 3226 722 3291 servata.
772 3215 899 3309 Neque
911 3209 991 3282 verb
1009 3209 1114 3308 longe
1127 3211 1172 3281 ab
1187 3234 1231 3282 eo

109 3308 156 3379 C.
175 3309 256 3382 Julii
273 3320 387 3408 caput,
407 3312 551 3408 hospitis
570 3313 712 3388 Etrusci
730 3311 861 3386 scelere
878 3309 1065 3408 proditum,
1082 3333 1162 3381 cum
1185 3311 1228 3381 L.

110 3404 198 3480 Julii
215 3407 331 3482 fratris
353 3409 464 3507 capite
475 3408 581 3506 jacuit
592 3439 603 3498 ;
639 3421 679 3485 ut
700 3411 772 3492 ille,
798 3409 858 3506 qui
887 3407 965 3482 haec
981 3432 1055 3480 non
1071 3406 1167 3486 vidit,
1195 3415 1232 3478 et

108 3504 238 3582 arisae
253 3532 334 3582 cum
347 3507 530 3605 Republica
545 3510 684 3606 pariter,
699 3520 737 3584 et
752 3535 835 3584 cum
845 3509 904 3581 illa
921 3506 1022 3579 simul
1035 3502 1232 3578 exstinctus

107 3627 187 3678 esse
195 3605 363 3681 videatur.
415 3606 543 3702 Neque
568 3606 663 3680 enim
687 3607 921 3706 propinquum
948 3627 1060 3684 suum,
1091 3602 1230 3675 maximi

110 3701 218 3776 animi
234 3726 356 3786 virum,
369 3703 408 3773 Ρ.
422 3703 599 3786 Crassum,
613 3714 735 3802 suapte
743 3706 969 3778 interfectum
979 3724 1097 3784 manu,
1116 3724 1230 3798 neque

113 3797 291 3897 2collegae
325 3801 390 3882 sui,
417 3801 593 3899 pontilicis
629 3803 779 3884 maximi,
808 3799 977 3896 sanguine
1008 3799 1230 3874 simulacrum

108 3899 240 3972 Vestae
254 3923 449 3996 respersum
465 3925 542 3972 esse
557 3899 663 3974 vidit:
688 3901 746 3974 cui
771 3898 912 3974 moerori
930 3901 1015 3995 (qua
1038 3906 1158 3972 mente
1172 3892 1228 3964 illc

107 3999 153 4072 in
167 3995 313 4094 patriam
328 3997 411 4087 fuit)
426 3997 530 4072 etiam
546 3997 586 4071 C.
610 3998 790 4078 Carbonis,
815 3996 1041 4070 inimicissimi
1066 3989 1226 4099 hominis,

107 4094 307 4173 eodemillo
320 4093 761 4172 diemorsnefariatuisset.
811 4095 848 4168 N
851 4119 898 4168 on
909 4096 994 4168 vidit
1005 4111 1122 4162 eorum
1139 4107 1226 4182 rpso

109 4263 185 4316 itata
199 4256 370 4318 districtum
383 4273 471 4333 atque
491 4262 647 4331 obligatum
658 4261 822 4330 scaurum:
842 4261 912 4321 Non
932 4271 1005 4330 opus
1018 4260 1064 4310 est
1080 4247 1181 4327 igitur,
1194 4261 1228 4310 ut

111 4355 183 4398 cum
196 4337 345 4398 nonnullis
353 4339 515 4398 editoribus
528 4341 663 4414 legamus
672 4343 822 4398 distracta.

152 4421 170 4470 2
183 4419 295 4489 college
308 4415 382 4496 aaa]
403 4419 440 4490 Q.
452 4416 543 4476 Mutii
554 4421 706 4488 Scaevolae,
722 4418 773 4495 qui
785 4415 886 4480 Crassi
898 4407 1072 4488 collegalnit
1085 4409 1115 4472 in
1125 4429 1227 4472 oonsu-

108 4495 190 4558 l'atur
202 4495 278 4562 'vide
291 4496 311 4557 i.
324 4505 414 4559 c.·39.
428 4509 458 4560 et
470 4497 551 4558 Flori
563 4494 641 4558 Hist.
660 4497 701 4560 iii.
717 4505 764 4561 21.
