2882 5012
205 387 266 440 sos
633 373 692 438 DE
712 375 915 438 ORATORE

204 539 263 610 toe,
279 521 464 601 machinati
479 523 523 598 ad
535 523 748 626 voluptatem
763 537 861 609 sunt,
877 549 1014 602 versum
1030 529 1140 626 atque
1151 531 1317 617 eanturn3

205 641 257 708 ut,
274 635 310 696 et
321 627 504 700 verborum
520 651 668 701 numero
679 638 716 700 et
727 651 849 702 vocum
865 627 980 708 modo,
997 627 1231 702 delectatione
1245 628 1323 701 vin·

203 733 325 798 serent
341 724 474 798 aurium
487 725 693 800 satietatem.
742 725 813 796 Hae
827 725 932 824 igitur
946 726 1027 807 duo,
1045 726 1140 800 vocis
1152 726 1230 798 dico
1244 753 1324 800 1110·

201 823 413 896 demtionem
423 832 460 896 et
471 826 646 899 verborum
663 823 936 904 conclusionem,
954 823 1069 920 quoad
1084 823 1255 900 orationis
1268 851 1324 898 se-

201 923 323 994 veritas
334 922 402 1020 pati
413 923 530 1022 possit,
542 912 1325 1024 ipoeticsadeloquentiamtraducendadun-

200 1029 318 1093 erunt.
366 1021 409 1092 ln
425 1019 1324 1122 quoilludestvelmaximum,quird‚uersusinora-

199 1117 296 1190 tione
312 1118 341 1188 si
352 1119 497 1191 efficitur
511 1120 760 1216 conjunctione
776 1122 970 1203 verborum,
988 1119 1111 1192 vitium
1121 1131 1195 1203 est;
1220 1130 1257 1193 et
1270 1131 1324 1192 ts-

199 1239 281 1288 men
298 1240 372 1288 eum
391 1215 678 1312 conjunctionem
692 1216 792 1287 sicuti
818 1241 968 1297 versum,
992 1220 1178 1292 numerose
1193 1219 1325 1292 cedere

198 1313 409 1412 etquadrare
422 1321 458 1384 et
469 1312 587 1408 perfici
598 1312 775 1393 volumus3
786 1323 968 1408 nequeest
980 1338 1024 1386 ex
1035 1315 1220 1388 multisres
1232 1341 1326 1400 una,

199 1435 282 1524 quta
303 1412 411 1508 magis
431 1419 602 1482 oratorem
624 1409 667 1480 ab
687 1407 846 1520 imperito
871 1409 1010 1481 dicendi
1027 1410 1221 1506 ignaroque
1247 1415 1327 1487 die

200 1519 349 1610 tinguat,
366 1512 475 1622 quarn
489 1505 586 1604 quod
601 1506 660 1580 ille
677 1508 772 1582 rudis
796 1505 976 1580 incondite
1002 1507 1327 1604 iundit,quantum

119 1599 123 1615 ¹
197 1620 323 1710 potest,
333 1617 369 1682 et
385 1608 432 1689 id,
445 1606 537 1704 quod
552 1605 645 1687 dicit,
656 1605 791 1704 spiritu,
807 1629 880 1677 non
895 1617 969 1678 arte
985 1605 1195 1680 determinat
1204 1637 1216 1694 ;
1240 1633 1325 1680 ora-

197 1715 252 1782 tor
263 1718 381 1781 sutem
397 1707 446 1780 sic
456 1705 564 1804 illigat
576 1704 789 1778 sententiam
799 1704 920 1784 verbis,
931 1711 973 1775 ut
983 1727 1057 1776 eam
1070 1729 1215 1777 numero
1228 1729 1325 1802 quo²

198 1807 277 1880 darn
292 1807 548 1904 complectatur
557 1813 595 1878 et
604 1802 768 1877 adstricto
781 1811 819 1874 et
835 1803 969 1876 soluto:
993 1822 1085 1881 nam,
1101 1799 1183 1873 ciam
1197 1801 1322 1875 vinxit

199 1904 343 1978 ⁵modis
359 1913 398 1978 et
417 1904 538 1985 forms,
551 1903 683 1976 relaxat
699 1911 735 1974 et
759 1899 879 1973 liberat
904 1898 1144 1974 immutatione
1167 1899 1322 1984 ordinis,

198 2011 240 2073 ut
257 2006 358 2074 verba
366 2025 486 2098 neque
499 2001 625 2098 aligata
638 1999 707 2072 sint
722 2000 825 2098 quasi
843 1997 937 2071 oertsi
952 1997 1069 2094 aliquia
1088 1997 1166 2094 lege
1183 2021 1322 2081 versus,

196 2098 370 2196 nequeita
378 2099 504 2179 soluta,
517 2109 558 2170 ut
570 2105 749 2194 vagentur.
1308 2127 1310 2132 ·

244 2197 360 2271 XLV.
377 2197 547 2282 Quonam
559 2195 664 2366 iplitur
674 2187 806 2270 mod0⁶
817 2201 1090 2268 tantummunus
1098 2191 1319 2278 insistemus,

197 2305 238 2370 ut
260 2297 466 2371 arbitremur
497 2320 562 2369 nos
602 2321 669 2370 ana
689 2293 757 2366 vim
781 2295 967 2367 numerose
992 2291 1128 2366 dicendi
1146 2296 1318 2390 consequi

194 2391 322 2492 posse?
346 2396 431 2468 Non
449 2405 501 2466 est
517 2415 571 2466 res
589 2402 659 2464 tam
670 2391 831 2470 difficilis,
856 2397 963 2488 quam
974 2391 1195 2462 necessaria:
1220 2393 1310 2466 nillil

233 2588 396 2646 amount
409 2581 512 2652 bama,
535 2579 679 2666 relaxas]
697 2575 815 2656 Singuli
828 2599 919 2657 prope
939 2581 1006 2642 libri
1018 2581 1162 2660 impressi
1180 2598 1210 2647 et
1228 2585 1315 2648 Mse

193 2683 279 2728 suam
291 2666 441 2740 quandam.
454 2661 505 2722 hic
526 2665 635 2722 habeut
649 2661 825 2720 lectionem
846 2660 945 2740 Vulgo
959 2662 1083 2740 ligimus
1097 2671 1194 2734 madio,
1207 2669 1317 2738 fonsa

193 2757 231 2816 et,
245 2757 300 2806 etc.
312 2742 394 2806 Msti
404 2746 483 2804 ioan.
499 2743 579 2802 Harl
597 2749 619 2798 1.
636 2739 721 2802 Nori.
734 2739 817 2816 Mag.
828 2741 886 2800 Pal.
899 2741 1022 2818 primus,
1031 2755 1061 2802 et
1071 2745 1221 2804 secundus
1231 2746 1314 2820 Pitlr⁴

192 2838 224 2886 et
238 2829 333 2884 Mem.
346 2825 494 2894 exhibent,
502 2843 577 2894 narn,
589 2819 650 2882 cim
663 2821 865 2890 uinxitformo
877 2824 1015 2893 semodio,
1036 2829 1148 2881 relaxat
1165 2837 1195 2881 et
1207 2827 1316 2884 liberat

191 2909 384 2964 iumeestione
396 2907 511 2962 ordinis.
552 2905 619 2980 Ego
628 2899 918 2976 verbsequerpotiirs
929 2902 1010 2962 Men.
1023 2914 1052 2962 et
1061 2903 1161 2962 Lamb.
1172 2903 1222 2978 qui
1236 2911 1313 2964 curn

193 2987 262 3046 ΜΒ.
276 2985 373 3056 Mead.
385 2985 492 3042 habent
500 2985 600 3052 modis,
608 2981 758 3052 etsorma:
779 2978 837 3040 nisi
848 2981 944 3052 malis,
956 2987 1047 3042 lector
1056 2983 1142 3050 modo,
1152 2983 1311 3052 etsrsrmm

193 3065 236 3124 sic
250 3063 372 3125 enimin
383 3062 526 3140 principio
540 3061 631 3142 hujus
649 3061 754 3136 cepitis
766 3061 831 3120 haec
841 3063 933 3124 rerba
953 3061 1185 3140 conjunguntur:
1219 3063 1309 3120 Hanc

191 3147 370 3218 diligentiam
384 3147 567 3215 subsequitur
581 3145 666 3198 etium
689 3137 795 3200 modus
811 3155 838 3195 et
859 3139 952 3200 forma
963 3146 1126 3200 uerborum.
1167 3144 1310 3220 Itemque

191 3223 259 3290 inc,
274 3231 322 3283 43.
342 3225 413 3286 Post
426 3227 512 3284 verba
524 3225 637 3292 uinxit,
655 3227 770 3281 relaxat
782 3231 814 3280 et
825 3222 927 3278 liberat
941 3221 1124 3300 subintellige
1134 3217 1310 3278 sententiam

192 3325 233 3364 ex
241 3302 523 3380 praecsdendbus,ut
531 3320 634 3363 sensus
643 3299 701 3360 loci
710 3299 756 3369 fic
775 3300 882 3372 Orator
890 3317 946 3360 noo
957 3303 1080 3362 eandem
1089 3298 1306 3366 dimensionem

192 3383 358 3454 sententias,
384 3402 440 3442 nec
468 3385 589 3444 eosdem
610 3383 701 3456 pedes
725 3398 844 3454 semper
866 3381 990 3456 repetita
1027 3379 1088 3450 sed,
1101 3394 1134 3440 ut
1160 3399 1305 3443 nonnum·

191 3481 281 3540 quam
302 3463 444 3524 nrembris
468 3474 516 3522 aut
535 3460 663 3538 periodis
688 3459 789 3532 autur,
811 3459 853 3524 sic
870 3459 1021 3526 alibialios
1036 3461 1127 3538 pedes
1144 3462 1180 3523 in
1194 3459 1304 3538 prinoi-

191 3542 241 3620 pio
254 3555 284 3602 et
297 3543 358 3602 sine
374 3537 526 3602 sententiae
540 3541 667 3603 collocat·
1070 3615 1072 3620 Α
1227 3610 1233 3620 ·

232 3628 370 3678 amatum
389 3641 488 3702 usuam
502 3617 690 3702 insistemus]
710 3617 871 3680 Lambinus
890 3619 1059 3700 conjecturis
1078 3621 1151 3702 legit
1177 3623 1304 3680 numeris

190 3717 246 3778 pro
259 3717 382 3760 munta:
404 3705 457 3761 ssd
470 3721 509 3762 ex
522 3703 637 3780 vulgata
657 3699 783 3760 lectione
804 3719 908 3761 sensus
928 3719 985 3760 nou
1007 3702 1211 3762 incommodus
1238 3699 1303 3758 erui

189 3791 293 3858 potest
334 3781 445 3838 Maurus
459 3781 540 3842 enim
561 3779 702 3860 significat
726 3799 782 3840 non
806 3781 901 3842 saliam
916 3784 1039 3850 donum,
1055 3785 1106 3842 sed
1120 3797 1150 3844 et
1162 3781 1302 3860 officium,

189 3872 299 3938 partes,
311 3857 373 3918 sire
386 3858 416 3916 id
429 3863 507 3936 quod
520 3859 587 3940 quis
601 3863 697 3933 debet,
711 3860 773 3922 imo
788 3863 867 3939 quod
884 3873 979 3938 potest
992 3863 1116 3922 efficere..
1158 3860 1239 3920 Hine
1253 3860 1301 3919 Ci-

190 3959 261 4000 coro
276 3937 383 4018 saepius
402 3937 472 3998 dicit
487 3961 587 4000 munus
601 3939 784 4016 magistratus
792 3967 804 4009 ;
825 3941 892 4003 hinc
906 3962 1007 4001 munus
1021 3946 1144 4002 oratoris
1158 3943 1188 4000 in
1207 3939 1237 3998 ii.
1260 3947 1301 4008 93

189 4020 259 4081 bina
273 4021 363 4082 etiem
375 4037 475 4078 munus
490 4025 657 4092 libellorum,
668 4041 722 4104 pro
739 4023 865 4103 eoquod
879 4021 970 4081 libelli
981 4023 1106 4100 'possunt
1119 4023 1245 4089 efficere,
1269 4017 1300 4075 in

189 4097 229 4157 iii.
242 4109 289 4158 3ο.
330 4099 378 4160 De
392 4099 444 4158 illo
456 4099 577 4162 oratoris
585 4120 709 4164 munere
718 4101 768 4161 hic
781 4101 887 4180 agitur,
900 4103 977 4177 quod
998 4102 1155 4166 numerosi
1180 4099 1300 4159 dicendo

190 4183 361 4242 continetur.
389 4178 469 4256 Quid
480 4180 551 4240 verb
562 4193 606 4246 est
615 4201 715 4240 munus
726 4183 883 4241 insistere?
903 4179 1055 4257 significat,
1064 4180 1172 4259 exequi
1183 4197 1298 4240 munus.

188 4257 322 4320 Verbum
335 4266 468 4322 insistere
478 4261 626 4332 hiemare
636 4263 763 4338 unoquo,
771 4275 837 4338 post
846 4282 878 4322 se
887 4264 1082 4323 habetcssum
1090 4258 1298 4326 mauraneum,

189 4337 265 4396 utin
279 4340 374 4400 Plauti
388 4343 452 4402 Mil.
469 4341 550 4402 Glor.
561 4339 601 4400 iii.
617 4347 642 4398 3.
655 4353 700 4400 55.
742 4343 872 4402 Insistite
883 4349 934 4400 boc
943 4345 1084 4416 negotium
1098 4345 1255 4412 sapienter,
1268 4337 1297 4396 id

189 4419 460 4492 est,exequarnini:
480 4419 556 4482 utin
569 4419 654 4500 Virg.
670 4419 831 4502 Georgtiii.
846 4429 908 4485 rot.
922 4426 1054 4498 viamque
1071 4421 1168 4484 insiste
1179 4424 1293 4480 domam

189 4497 238 4550 di:
252 4497 418 4580 utydenique
432 4501 594 4563 inLucret.
608 4500 628 4560 'n
643 4507 709 4558 407.

196 4649 198 4656 Α
224 4589 281 4644 Cim
292 4598 361 4646 semel
368 4598 502 4650 institerant
509 4602 617 4667 vesu'gs'a
628 4609 693 4653 emta
702 4593 763 4648 viai.
