<?xml version="1.0" encoding="UTF-8"?>
<!DOCTYPE html PUBLIC "-//W3C//DTD XHTML 1.0 Transitional//EN"
    "http://www.w3.org/TR/xhtml1/DTD/xhtml1-transitional.dtd">
<html xmlns="http://www.w3.org/1999/xhtml" xml:lang="en" lang="en">
 <head>
  <title>
</title>
<meta http-equiv="Content-Type" content="text/html;charset=utf-8" />
  <meta name='ocr-system' content='tesseract 3.04.00' />
  <meta name='ocr-capabilities' content='ocr_page ocr_carea ocr_par ocr_line ocrx_word'/>
</head>
<body>
  <div class='ocr_page' id='page_1' title='image "./mtulliiciceroni00peargoog_0130.png"; bbox 0 0 2808 5020; ppageno 0'>
   <div class='ocr_carea' id='block_1_1' title="bbox 233 399 913 462">
    <p class='ocr_par' dir='ltr' id='par_1_1' title="bbox 233 399 913 462">
     <span class='ocr_line' id='line_1_1' title="bbox 233 399 913 462; baseline 0.003 -4"><span class='ocrx_word' id='word_1_1' title='bbox 233 407 287 462; x_wconf 76' lang='grc'>114</span> <span class='ocrx_word' id='word_1_2' title='bbox 633 399 691 462; x_wconf 81' lang='lat' dir='ltr'>DE</span> <span class='ocrx_word' id='word_1_3' title='bbox 709 399 913 462; x_wconf 73' lang='lat' dir='ltr'>ORATORE</span> 
     </span>
    </p>
   </div>
   <div class='ocr_carea' id='block_1_2' title="bbox 228 539 1392 3180">
    <p class='ocr_par' dir='ltr' id='par_1_2' title="bbox 228 539 1392 2285">
     <span class='ocr_line' id='line_1_2' title="bbox 235 539 1319 644; baseline -0.009 -20"><span class='ocrx_word' id='word_1_4' title='bbox 235 546 427 625; x_wconf 70' lang='lat' dir='ltr'><strong>instituam,</strong></span> <span class='ocrx_word' id='word_1_5' title='bbox 448 544 644 642; x_wconf 86' lang='lat' dir='ltr'>aipotuaro,</span> <span class='ocrx_word' id='word_1_6' title='bbox 667 557 718 629; x_wconf 90' lang='lat' dir='ltr'>ut,</span> <span class='ocrx_word' id='word_1_7' title='bbox 730 545 816 644; x_wconf 92' lang='lat' dir='ltr'>quid</span> <span class='ocrx_word' id='word_1_8' title='bbox 828 545 962 618; x_wconf 86' lang='lat' dir='ltr'>efficere</span> <span class='ocrx_word' id='word_1_9' title='bbox 974 539 1082 640; x_wconf 82' lang='lat' dir='ltr'>possit</span> <span class='ocrx_word' id='word_1_10' title='bbox 1098 542 1319 641; x_wconf 76' lang='lat' dir='ltr'>anteperspi-</span> 
     </span>
     <span class='ocr_line' id='line_1_3' title="bbox 230 638 1320 736; baseline -0.006 -16"><span class='ocrx_word' id='word_1_11' title='bbox 230 645 332 720; x_wconf 72' lang='grc'><strong>111111.</strong></span> <span class='ocrx_word' id='word_1_12' title='bbox 342 642 394 716; x_wconf 91' lang='lat' dir='ltr'>Sit</span> <span class='ocrx_word' id='word_1_13' title='bbox 405 643 498 719; x_wconf 89' lang='lat' dir='ltr'>anim</span> <span class='ocrx_word' id='word_1_14' title='bbox 508 643 590 718; x_wconf 83' lang='lat' dir='ltr'>milri</span> <span class='ocrx_word' id='word_1_15' title='bbox 604 645 735 718; x_wconf 85' lang='lat' dir='ltr'>tinctus</span> <span class='ocrx_word' id='word_1_16' title='bbox 744 644 865 726; x_wconf 83' lang='lat' dir='ltr'>literis;</span> <span class='ocrx_word' id='word_1_17' title='bbox 891 641 1042 713; x_wconf 86' lang='lat' dir='ltr'>audierit</span> <span class='ocrx_word' id='word_1_18' title='bbox 1052 638 1189 736; x_wconf 85' lang='lat' dir='ltr'>aliquid,</span> <span class='ocrx_word' id='word_1_19' title='bbox 1197 639 1320 736; x_wconf 85' lang='lat' dir='ltr'>legerit</span> 
     </span>
     <span class='ocr_line' id='line_1_4' title="bbox 234 736 1321 840; baseline -0.006 -24"><span class='ocrx_word' id='word_1_20' title='bbox 234 743 301 816; x_wconf 86' lang='lat' dir='ltr'>ista</span> <span class='ocrx_word' id='word_1_21' title='bbox 314 739 386 838; x_wconf 84' lang='lat' dir='ltr'>ipsa</span> <span class='ocrx_word' id='word_1_22' title='bbox 402 754 576 840; x_wconf 75' lang='lat' dir='ltr'>praecepta</span> <span class='ocrx_word' id='word_1_23' title='bbox 591 742 781 838; x_wconf 84' lang='lat' dir='ltr'>acceperit3</span> <span class='ocrx_word' id='word_1_24' title='bbox 804 739 958 815; x_wconf 79' lang='lat' dir='ltr'>tentabo,</span> <span class='ocrx_word' id='word_1_25' title='bbox 974 736 1060 830; x_wconf 89' lang='lat' dir='ltr'>quid</span> <span class='ocrx_word' id='word_1_26' title='bbox 1075 736 1206 819; x_wconf 88' lang='lat' dir='ltr'>deceat,</span> <span class='ocrx_word' id='word_1_27' title='bbox 1234 737 1321 834; x_wconf 85' lang='lat' dir='ltr'>quid</span> 
     </span>
     <span class='ocr_line' id='line_1_5' title="bbox 230 833 1359 936; baseline -0.002 -26"><span class='ocrx_word' id='word_1_28' title='bbox 230 863 329 920; x_wconf 17' lang='lat' dir='ltr'>avoca,</span> <span class='ocrx_word' id='word_1_29' title='bbox 342 839 428 934; x_wconf 89' lang='lat' dir='ltr'>quid</span> <span class='ocrx_word' id='word_1_30' title='bbox 439 839 575 920; x_wconf 90' lang='lat' dir='ltr'>viribus,</span> <span class='ocrx_word' id='word_1_31' title='bbox 586 839 672 934; x_wconf 90' lang='lat' dir='ltr'>quid</span> <span class='ocrx_word' id='word_1_32' title='bbox 683 838 814 936; x_wconf 90' lang='lat' dir='ltr'>spiritu,</span> <span class='ocrx_word' id='word_1_33' title='bbox 824 834 911 933; x_wconf 89' lang='lat' dir='ltr'>quid</span> <span class='ocrx_word' id='word_1_34' title='bbox 921 833 1037 930; x_wconf 86' lang='lat' dir='ltr'>lingua</span> <span class='ocrx_word' id='word_1_35' title='bbox 1048 833 1186 907; x_wconf 80' lang='lat' dir='ltr'>efficere</span> <span class='ocrx_word' id='word_1_36' title='bbox 1201 837 1323 933; x_wconf 81' lang='lat' dir='ltr'>possit.</span> <span class='ocrx_word' id='word_1_37' title='bbox 1353 837 1359 846; x_wconf 86' lang='lat'><em>&#39;</em></span> 
     </span>
     <span class='ocr_line' id='line_1_6' title="bbox 231 931 1324 1034; baseline -0.002 -26"><span class='ocrx_word' id='word_1_38' title='bbox 231 937 268 1017; x_wconf 81' lang='lat' dir='ltr'>Si</span> <span class='ocrx_word' id='word_1_39' title='bbox 285 936 475 1034; x_wconf 80' lang='lat' dir='ltr'>intelligam</span> <span class='ocrx_word' id='word_1_40' title='bbox 487 937 640 1034; x_wconf 90' lang='lat' dir='ltr'>possead</span> <span class='ocrx_word' id='word_1_41' title='bbox 656 959 810 1008; x_wconf 90' lang='lat' dir='ltr'>summos</span> <span class='ocrx_word' id='word_1_42' title='bbox 823 931 1008 1032; x_wconf 85' lang='lat' dir='ltr'>pervenire,</span> <span class='ocrx_word' id='word_1_43' title='bbox 1021 955 1092 1002; x_wconf 91' lang='lat' dir='ltr'>non</span> <span class='ocrx_word' id='word_1_44' title='bbox 1117 933 1230 1008; x_wconf 71' lang='lat' dir='ltr'>solum</span> <span class='ocrx_word' id='word_1_45' title='bbox 1244 934 1324 1006; x_wconf 80' lang='lat' dir='ltr'>hor·</span> 
     </span>
     <span class='ocr_line' id='line_1_7' title="bbox 230 1028 1326 1126; baseline -0.004 -18"><span class='ocrx_word' id='word_1_46' title='bbox 230 1035 345 1115; x_wconf 86' lang='lat' dir='ltr'>tabor,</span> <span class='ocrx_word' id='word_1_47' title='bbox 358 1046 403 1110; x_wconf 90' lang='lat' dir='ltr'>ut</span> <span class='ocrx_word' id='word_1_48' title='bbox 419 1035 578 1116; x_wconf 80' lang='lat' dir='ltr'>elaboret,</span> <span class='ocrx_word' id='word_1_49' title='bbox 597 1034 787 1114; x_wconf 87' lang='lat' dir='ltr'>sedetiam,</span> <span class='ocrx_word' id='word_1_50' title='bbox 814 1033 843 1105; x_wconf 91' lang='lat' dir='ltr'>si</span> <span class='ocrx_word' id='word_1_51' title='bbox 871 1031 920 1104; x_wconf 92' lang='lat' dir='ltr'>vir</span> <span class='ocrx_word' id='word_1_52' title='bbox 949 1053 1089 1126; x_wconf 89' lang='lat' dir='ltr'>quoque</span> <span class='ocrx_word' id='word_1_53' title='bbox 1105 1028 1187 1102; x_wconf 91' lang='lat' dir='ltr'>mihi</span> <span class='ocrx_word' id='word_1_54' title='bbox 1204 1033 1326 1104; x_wconf 85' lang='lat' dir='ltr'>bonus</span> 
     </span>
     <span class='ocr_line' id='line_1_8' title="bbox 232 1127 1329 1227; baseline -0.006 -21"><span class='ocrx_word' id='word_1_55' title='bbox 232 1129 413 1211; x_wconf 82' lang='lat' dir='ltr'>videbitur,</span> <span class='ocrx_word' id='word_1_56' title='bbox 428 1132 631 1205; x_wconf 77' lang='lat' dir='ltr'><strong>obsecrabo:</strong></span> <span class='ocrx_word' id='word_1_57' title='bbox 664 1143 800 1206; x_wconf 85' lang='lat' dir='ltr'>tanturn</span> <span class='ocrx_word' id='word_1_58' title='bbox 827 1153 894 1227; x_wconf 85' lang='lat' dir='ltr'>ego</span> <span class='ocrx_word' id='word_1_59' title='bbox 916 1129 954 1200; x_wconf 93' lang='lat' dir='ltr'>in</span> <span class='ocrx_word' id='word_1_60' title='bbox 969 1127 1160 1200; x_wconf 84' lang='lat' dir='ltr'>excellente</span> <span class='ocrx_word' id='word_1_61' title='bbox 1176 1136 1329 1208; x_wconf 89' lang='lat' dir='ltr'>oratore,</span> 
     </span>
     <span class='ocr_line' id='line_1_9' title="bbox 230 1225 1329 1323; baseline -0.005 -21"><span class='ocrx_word' id='word_1_62' title='bbox 230 1238 271 1308; x_wconf 40' lang='lat' dir='ltr'>,et</span> <span class='ocrx_word' id='word_1_63' title='bbox 285 1229 406 1302; x_wconf 86' lang='lat' dir='ltr'>eodem</span> <span class='ocrx_word' id='word_1_64' title='bbox 422 1228 603 1308; x_wconf 89' lang='lat' dir='ltr'>virobono,</span> <span class='ocrx_word' id='word_1_65' title='bbox 615 1251 709 1323; x_wconf 92' lang='lat' dir='ltr'>pono</span> <span class='ocrx_word' id='word_1_66' title='bbox 719 1253 797 1301; x_wconf 87' lang='lat' dir='ltr'>esse</span> <span class='ocrx_word' id='word_1_67' title='bbox 813 1226 1007 1299; x_wconf 88' lang='lat' dir='ltr'>ornamenti</span> <span class='ocrx_word' id='word_1_68' title='bbox 1022 1225 1195 1297; x_wconf 74' lang='lat' dir='ltr'>universae</span> <span class='ocrx_word' id='word_1_69' title='bbox 1209 1225 1329 1298; x_wconf 88' lang='lat' dir='ltr'>civita·</span> 
     </span>
     <span class='ocr_line' id='line_1_10' title="bbox 228 1321 1331 1406; baseline -0.007 -4"><span class='ocrx_word' id='word_1_70' title='bbox 228 1327 279 1402; x_wconf 81' lang='lat' dir='ltr'>ti:</span> <span class='ocrx_word' id='word_1_71' title='bbox 304 1326 360 1399; x_wconf 92' lang='lat' dir='ltr'>sin</span> <span class='ocrx_word' id='word_1_72' title='bbox 375 1323 556 1406; x_wconf 88' lang='lat' dir='ltr'>videbitur,</span> <span class='ocrx_word' id='word_1_73' title='bbox 569 1326 587 1378; x_wconf 80' lang='lat'><strong>⁴</strong></span> <span class='ocrx_word' id='word_1_74' title='bbox 598 1325 680 1398; x_wconf 79' lang='lat' dir='ltr'>enm</span> <span class='ocrx_word' id='word_1_75' title='bbox 694 1324 810 1400; x_wconf 89' lang='lat' dir='ltr'>omnia</span> <span class='ocrx_word' id='word_1_76' title='bbox 826 1323 960 1396; x_wconf 71' lang='lat' dir='ltr'>summe</span> <span class='ocrx_word' id='word_1_77' title='bbox 978 1321 1113 1402; x_wconf 86' lang='lat' dir='ltr'>fecerit,</span> <span class='ocrx_word' id='word_1_78' title='bbox 1130 1325 1274 1397; x_wconf 86' lang='lat' dir='ltr'>⁵tamen</span> <span class='ocrx_word' id='word_1_79' title='bbox 1284 1323 1331 1394; x_wconf 90' lang='lat' dir='ltr'>ad</span> 
     </span>
     <span class='ocr_line' id='line_1_11' title="bbox 230 1419 1331 1518; baseline -0.004 -22"><span class='ocrx_word' id='word_1_80' title='bbox 230 1422 427 1506; x_wconf 67' lang='lat' dir='ltr'>«mediocres</span> <span class='ocrx_word' id='word_1_81' title='bbox 445 1433 600 1496; x_wconf 82' lang='lat' dir='ltr'>oratores</span> <span class='ocrx_word' id='word_1_82' title='bbox 615 1445 693 1495; x_wconf 87' lang='lat' dir='ltr'>esse</span> <span class='ocrx_word' id='word_1_83' title='bbox 716 1429 881 1494; x_wconf 88' lang='lat' dir='ltr'>venturus</span> <span class='ocrx_word' id='word_1_84' title='bbox 892 1447 903 1506; x_wconf 91' lang='lat'>;</span> <span class='ocrx_word' id='word_1_85' title='bbox 927 1419 1121 1516; x_wconf 82' lang='lat' dir='ltr'>permittam</span> <span class='ocrx_word' id='word_1_86' title='bbox 1148 1419 1222 1516; x_wconf 85' lang='lat' dir='ltr'>ipsi,</span> <span class='ocrx_word' id='word_1_87' title='bbox 1239 1421 1331 1518; x_wconf 91' lang='lat' dir='ltr'>quid</span> 
     </span>
     <span class='ocr_line' id='line_1_12' title="bbox 234 1516 1332 1617; baseline -0.003 -25"><span class='ocrx_word' id='word_1_88' title='bbox 234 1521 339 1608; x_wconf 90' lang='lat' dir='ltr'>velit;</span> <span class='ocrx_word' id='word_1_89' title='bbox 362 1521 532 1594; x_wconf 87' lang='lat' dir='ltr'>molestus</span> <span class='ocrx_word' id='word_1_90' title='bbox 543 1543 753 1617; x_wconf 86' lang='lat' dir='ltr'>magnopere</span> <span class='ocrx_word' id='word_1_91' title='bbox 768 1543 844 1591; x_wconf 92' lang='lat' dir='ltr'>non</span> <span class='ocrx_word' id='word_1_92' title='bbox 859 1541 940 1592; x_wconf 88' lang='lat' dir='ltr'>ero:</span> <span class='ocrx_word' id='word_1_93' title='bbox 962 1516 1018 1590; x_wconf 90' lang='lat' dir='ltr'>sin</span> <span class='ocrx_word' id='word_1_94' title='bbox 1042 1518 1146 1614; x_wconf 72' lang='lat' dir='ltr'>plane</span> <span class='ocrx_word' id='word_1_95' title='bbox 1171 1521 1332 1591; x_wconf 91' lang='lat' dir='ltr'>abhorre-</span> 
     </span>
     <span class='ocr_line' id='line_1_13' title="bbox 233 1615 1335 1700; baseline -0.005 -8"><span class='ocrx_word' id='word_1_96' title='bbox 233 1619 298 1700; x_wconf 88' lang='lat' dir='ltr'>bit,</span> <span class='ocrx_word' id='word_1_97' title='bbox 313 1629 350 1693; x_wconf 89' lang='lat' dir='ltr'>et</span> <span class='ocrx_word' id='word_1_98' title='bbox 364 1619 430 1692; x_wconf 88' lang='lat' dir='ltr'>erit</span> <span class='ocrx_word' id='word_1_99' title='bbox 441 1617 625 1700; x_wconf 86' lang='lat' dir='ltr'>absurdus,</span> <span class='ocrx_word' id='word_1_100' title='bbox 640 1629 678 1692; x_wconf 88' lang='lat' dir='ltr'>nt</span> <span class='ocrx_word' id='word_1_101' title='bbox 687 1643 724 1690; x_wconf 86' lang='lat' dir='ltr'>aa</span> <span class='ocrx_word' id='word_1_102' title='bbox 739 1615 918 1690; x_wconf 86' lang='lat' dir='ltr'>contineat</span> <span class='ocrx_word' id='word_1_103' title='bbox 932 1617 1044 1688; x_wconf 90' lang='lat' dir='ltr'>autad</span> <span class='ocrx_word' id='word_1_104' title='bbox 1058 1615 1151 1688; x_wconf 89' lang='lat' dir='ltr'>aliud</span> <span class='ocrx_word' id='word_1_105' title='bbox 1169 1616 1335 1690; x_wconf 86' lang='lat' dir='ltr'>studium</span> 
     </span>
     <span class='ocr_line' id='line_1_14' title="bbox 234 1714 1334 1810; baseline -0.004 -22"><span class='ocrx_word' id='word_1_106' title='bbox 234 1716 429 1796; x_wconf 84' lang='lat' dir='ltr'>transierat,</span> <span class='ocrx_word' id='word_1_107' title='bbox 442 1715 646 1791; x_wconf 86' lang='lat' dir='ltr'>admonebo.</span> <span class='ocrx_word' id='word_1_108' title='bbox 694 1716 785 1790; x_wconf 89' lang='lat' dir='ltr'>Nam</span> <span class='ocrx_word' id='word_1_109' title='bbox 799 1737 916 1810; x_wconf 87' lang='lat' dir='ltr'>neque</span> <span class='ocrx_word' id='word_1_110' title='bbox 929 1714 1039 1808; x_wconf 71' lang='lat' dir='ltr'>inqui</span> <span class='ocrx_word' id='word_1_111' title='bbox 1056 1714 1184 1810; x_wconf 71' lang='lat' dir='ltr'>optime</span> <span class='ocrx_word' id='word_1_112' title='bbox 1199 1723 1334 1809; x_wconf 87' lang='lat' dir='ltr'>potest,</span> 
     </span>
     <span class='ocr_line' id='line_1_15' title="bbox 233 1811 1333 1906; baseline -0.006 -18"><span class='ocrx_word' id='word_1_113' title='bbox 233 1814 449 1900; x_wconf 78' lang='lat' dir='ltr'>deferendus</span> <span class='ocrx_word' id='word_1_114' title='bbox 466 1813 541 1886; x_wconf 89' lang='lat' dir='ltr'>ullo</span> <span class='ocrx_word' id='word_1_115' title='bbox 560 1813 665 1888; x_wconf 90' lang='lat' dir='ltr'>modo</span> <span class='ocrx_word' id='word_1_116' title='bbox 679 1821 735 1886; x_wconf 86' lang='lat' dir='ltr'>est</span> <span class='ocrx_word' id='word_1_117' title='bbox 759 1816 778 1884; x_wconf 80' lang='lat' dir='ltr'>a</span> <span class='ocrx_word' id='word_1_118' title='bbox 796 1811 1032 1884; x_wconf 82' lang='lat' dir='ltr'>cohortatione</span> <span class='ocrx_word' id='word_1_119' title='bbox 1047 1821 1185 1892; x_wconf 81' lang='lat' dir='ltr'>nostra3</span> <span class='ocrx_word' id='word_1_120' title='bbox 1209 1832 1333 1906; x_wconf 83' lang='lat' dir='ltr'>neque</span> 
     </span>
     <span class='ocr_line' id='line_1_16' title="bbox 235 1907 1392 2006; baseline -0.003 -21"><span class='ocrx_word' id='word_1_121' title='bbox 235 1912 277 1990; x_wconf 85' lang='lat' dir='ltr'>is,</span> <span class='ocrx_word' id='word_1_122' title='bbox 290 1910 350 2006; x_wconf 91' lang='lat' dir='ltr'>qui</span> <span class='ocrx_word' id='word_1_123' title='bbox 366 1911 496 2005; x_wconf 90' lang='lat' dir='ltr'>aliquid</span> <span class='ocrx_word' id='word_1_124' title='bbox 514 1919 637 2006; x_wconf 70' lang='lat' dir='ltr'>protest,</span> <span class='ocrx_word' id='word_1_125' title='bbox 653 1909 902 1982; x_wconf 87' lang='lat' dir='ltr'>deterrendus:</span> <span class='ocrx_word' id='word_1_126' title='bbox 927 1907 1026 2004; x_wconf 82' lang='lat' dir='ltr'>qubd</span> <span class='ocrx_word' id='word_1_127' title='bbox 1041 1909 1195 1988; x_wconf 89' lang='lat' dir='ltr'>alterum,</span> <span class='ocrx_word' id='word_1_128' title='bbox 1213 1907 1332 1980; x_wconf 76' lang='lat' dir='ltr'>divini</span> <span class='ocrx_word' id='word_1_129' title='bbox 1391 1975 1392 1982; x_wconf 74' lang='grc'>,</span> 
     </span>
     <span class='ocr_line' id='line_1_17' title="bbox 235 2005 1392 2098; baseline -0.003 -18"><span class='ocrx_word' id='word_1_130' title='bbox 235 2008 317 2080; x_wconf 80' lang='lat' dir='ltr'>tatis</span> <span class='ocrx_word' id='word_1_131' title='bbox 332 2006 417 2078; x_wconf 89' lang='lat' dir='ltr'>mihi</span> <span class='ocrx_word' id='word_1_132' title='bbox 431 2005 611 2098; x_wconf 82' lang='lat' dir='ltr'>cujrrsdam</span> <span class='ocrx_word' id='word_1_133' title='bbox 637 2007 795 2077; x_wconf 89' lang='lat' dir='ltr'>videtur:</span> <span class='ocrx_word' id='word_1_134' title='bbox 820 2006 1007 2083; x_wconf 80' lang='lat' dir='ltr'>⁶alterum,</span> <span class='ocrx_word' id='word_1_135' title='bbox 1024 2005 1078 2079; x_wconf 84' lang='lat' dir='ltr'>vel</span> <span class='ocrx_word' id='word_1_136' title='bbox 1102 2027 1175 2076; x_wconf 90' lang='lat' dir='ltr'>non</span> <span class='ocrx_word' id='word_1_137' title='bbox 1203 2005 1333 2083; x_wconf 85' lang='lat' dir='ltr'>facere,</span> <span class='ocrx_word' id='word_1_138' title='bbox 1391 2011 1392 2054; x_wconf 64' lang='lat' dir='ltr'>l</span> 
     </span>
     <span class='ocr_line' id='line_1_18' title="bbox 234 2101 1333 2202; baseline -0.002 -26"><span class='ocrx_word' id='word_1_139' title='bbox 234 2103 334 2202; x_wconf 90' lang='lat' dir='ltr'>quod</span> <span class='ocrx_word' id='word_1_140' title='bbox 350 2126 425 2176; x_wconf 91' lang='lat' dir='ltr'>non</span> <span class='ocrx_word' id='word_1_141' title='bbox 441 2101 573 2196; x_wconf 71' lang='lat' dir='ltr'>optime</span> <span class='ocrx_word' id='word_1_142' title='bbox 586 2102 696 2198; x_wconf 87' lang='lat' dir='ltr'>possis</span> <span class='ocrx_word' id='word_1_143' title='bbox 711 2101 766 2174; x_wconf 90' lang='lat' dir='ltr'>vel</span> <span class='ocrx_word' id='word_1_144' title='bbox 778 2101 899 2181; x_wconf 82' lang='lat' dir='ltr'>iacere,</span> <span class='ocrx_word' id='word_1_145' title='bbox 915 2103 1009 2194; x_wconf 92' lang='lat' dir='ltr'>quod</span> <span class='ocrx_word' id='word_1_146' title='bbox 1030 2125 1103 2174; x_wconf 91' lang='lat' dir='ltr'>non</span> <span class='ocrx_word' id='word_1_147' title='bbox 1120 2101 1269 2197; x_wconf 74' lang='lat' dir='ltr'>pessime</span> <span class='ocrx_word' id='word_1_148' title='bbox 1289 2104 1333 2174; x_wconf 82' lang='lat' dir='ltr'>la·</span> 
     </span>
     <span class='ocr_line' id='line_1_19' title="bbox 236 2197 1333 2285; baseline -0.002 -11"><span class='ocrx_word' id='word_1_149' title='bbox 236 2201 322 2285; x_wconf 81' lang='lat' dir='ltr'>cias,</span> <span class='ocrx_word' id='word_1_150' title='bbox 343 2197 592 2283; x_wconf 83' lang='lat' dir='ltr'>humanitatis:</span> <span class='ocrx_word' id='word_1_151' title='bbox 633 2199 770 2272; x_wconf 88' lang='lat' dir='ltr'>tertium</span> <span class='ocrx_word' id='word_1_152' title='bbox 799 2197 881 2272; x_wconf 84' lang='lat' dir='ltr'>verb</span> <span class='ocrx_word' id='word_1_153' title='bbox 909 2199 1008 2281; x_wconf 90' lang='lat' dir='ltr'>illud,</span> <span class='ocrx_word' id='word_1_154' title='bbox 1037 2199 1182 2271; x_wconf 86' lang='lat' dir='ltr'>clamare</span> <span class='ocrx_word' id='word_1_155' title='bbox 1210 2208 1333 2273; x_wconf 88' lang='lat' dir='ltr'>contra</span> 
     </span>
    </p>

    <p class='ocr_par' dir='ltr' id='par_1_3' title="bbox 236 2295 1391 2978">
     <span class='ocr_line' id='line_1_20' title="bbox 264 2295 1332 2394; baseline -0.001 -22"><span class='ocrx_word' id='word_1_156' title='bbox 264 2301 346 2374; x_wconf 77' lang='lat' dir='ltr'>utrm</span> <span class='ocrx_word' id='word_1_157' title='bbox 362 2301 485 2374; x_wconf 84' lang='lat' dir='ltr'>deceat</span> <span class='ocrx_word' id='word_1_158' title='bbox 496 2308 534 2370; x_wconf 85' lang='lat' dir='ltr'>et</span> <span class='ocrx_word' id='word_1_159' title='bbox 549 2301 655 2391; x_wconf 70' lang='lat' dir='ltr'>quam</span> <span class='ocrx_word' id='word_1_160' title='bbox 681 2297 799 2394; x_wconf 80' lang='lat' dir='ltr'>possit,</span> <span class='ocrx_word' id='word_1_161' title='bbox 815 2297 964 2370; x_wconf 90' lang='lat' dir='ltr'>hominis</span> <span class='ocrx_word' id='word_1_162' title='bbox 987 2307 1051 2378; x_wconf 88' lang='lat' dir='ltr'>est,</span> <span class='ocrx_word' id='word_1_163' title='bbox 1075 2307 1113 2370; x_wconf 90' lang='lat' dir='ltr'>ut</span> <span class='ocrx_word' id='word_1_164' title='bbox 1130 2309 1181 2378; x_wconf 88' lang='lat' dir='ltr'>tu,</span> <span class='ocrx_word' id='word_1_165' title='bbox 1196 2295 1332 2378; x_wconf 76' lang='lat' dir='ltr'>Catule,</span> 
     </span>
     <span class='ocr_line' id='line_1_21' title="bbox 236 2325 1333 2493; baseline 0 -24"><span class='ocrx_word' id='word_1_166' title='bbox 236 2325 284 2470; x_wconf 81' lang='lat' dir='ltr'>dc</span> <span class='ocrx_word' id='word_1_167' title='bbox 297 2395 446 2492; x_wconf 87' lang='lat' dir='ltr'>quodam</span> <span class='ocrx_word' id='word_1_168' title='bbox 458 2393 688 2468; x_wconf 79' lang='lat' dir='ltr'>declamatore</span> <span class='ocrx_word' id='word_1_169' title='bbox 709 2393 839 2474; x_wconf 85' lang='lat' dir='ltr'>dixisti,</span> <span class='ocrx_word' id='word_1_170' title='bbox 854 2394 1014 2466; x_wconf 85' lang='lat' dir='ltr'>stultitiae</span> <span class='ocrx_word' id='word_1_171' title='bbox 1037 2419 1114 2466; x_wconf 86' lang='lat' dir='ltr'>auae</span> <span class='ocrx_word' id='word_1_172' title='bbox 1129 2396 1333 2493; x_wconf 82' lang='lat' dir='ltr'>quampluri-</span> 
     </span>
     <span class='ocr_line' id='line_1_22' title="bbox 236 2489 1334 2588; baseline 0.003 -26"><span class='ocrx_word' id='word_1_173' title='bbox 236 2517 315 2571; x_wconf 79' lang='lat' dir='ltr'>mos</span> <span class='ocrx_word' id='word_1_174' title='bbox 333 2503 440 2564; x_wconf 84' lang='lat' dir='ltr'>testes</span> <span class='ocrx_word' id='word_1_175' title='bbox 454 2490 648 2566; x_wconf 80' lang='lat' dir='ltr'>domestico</span> <span class='ocrx_word' id='word_1_176' title='bbox 663 2489 840 2587; x_wconf 77' lang='lat' dir='ltr'>praeconio</span> <span class='ocrx_word' id='word_1_177' title='bbox 856 2491 1061 2587; x_wconf 87' lang='lat' dir='ltr'>colligentis.</span> <span class='ocrx_word' id='word_1_178' title='bbox 1112 2494 1168 2564; x_wconf 89' lang='lat' dir='ltr'>De</span> <span class='ocrx_word' id='word_1_179' title='bbox 1192 2494 1260 2580; x_wconf 83' lang='lat' dir='ltr'>hoc</span> <span class='ocrx_word' id='word_1_180' title='bbox 1276 2493 1334 2588; x_wconf 85' lang='lat' dir='ltr'>igi·-</span> 
     </span>
     <span class='ocr_line' id='line_1_23' title="bbox 237 2586 1391 2687; baseline 0.003 -26"><span class='ocrx_word' id='word_1_181' title='bbox 237 2599 309 2669; x_wconf 88' lang='lat' dir='ltr'>tur,</span> <span class='ocrx_word' id='word_1_182' title='bbox 327 2589 385 2684; x_wconf 92' lang='lat' dir='ltr'>qui</span> <span class='ocrx_word' id='word_1_183' title='bbox 403 2586 472 2660; x_wconf 91' lang='lat' dir='ltr'>erit·</span> <span class='ocrx_word' id='word_1_184' title='bbox 486 2587 575 2667; x_wconf 87' lang='lat' dir='ltr'>talis,</span> <span class='ocrx_word' id='word_1_185' title='bbox 592 2601 633 2660; x_wconf 91' lang='lat' dir='ltr'>ut</span> <span class='ocrx_word' id='word_1_186' title='bbox 647 2588 880 2661; x_wconf 81' lang='lat' dir='ltr'>cohortandus</span> <span class='ocrx_word' id='word_1_187' title='bbox 902 2590 1186 2687; x_wconf 82' lang='lat' dir='ltr'>adjuvandusqua</span> <span class='ocrx_word' id='word_1_188' title='bbox 1209 2589 1269 2676; x_wconf 89' lang='lat' dir='ltr'>sit,</span> <span class='ocrx_word' id='word_1_189' title='bbox 1285 2592 1330 2664; x_wconf 82' lang='lat' dir='ltr'>ita</span> <span class='ocrx_word' id='word_1_190' title='bbox 1390 2671 1391 2678; x_wconf 7' lang='grc' dir='ltr'>χ</span> 
     </span>
     <span class='ocr_line' id='line_1_24' title="bbox 237 2683 1334 2796; baseline 0.001 -38"><span class='ocrx_word' id='word_1_191' title='bbox 237 2685 440 2796; x_wconf 83' lang='lat' dir='ltr'>loquamur,</span> <span class='ocrx_word' id='word_1_192' title='bbox 451 2693 494 2756; x_wconf 92' lang='lat' dir='ltr'>ut</span> <span class='ocrx_word' id='word_1_193' title='bbox 508 2683 540 2756; x_wconf 94' lang='lat' dir='ltr'>ei</span> <span class='ocrx_word' id='word_1_194' title='bbox 558 2685 732 2758; x_wconf 84' lang='lat' dir='ltr'>tradamus</span> <span class='ocrx_word' id='word_1_195' title='bbox 744 2711 785 2757; x_wconf 85' lang='lat' dir='ltr'>aa</span> <span class='ocrx_word' id='word_1_196' title='bbox 801 2687 980 2767; x_wconf 83' lang='lat' dir='ltr'>duntaxat,</span> <span class='ocrx_word' id='word_1_197' title='bbox 990 2713 1074 2786; x_wconf 77' lang='lat' dir='ltr'>quae</span> <span class='ocrx_word' id='word_1_198' title='bbox 1089 2713 1154 2760; x_wconf 92' lang='lat' dir='ltr'>nos</span> <span class='ocrx_word' id='word_1_199' title='bbox 1178 2713 1265 2760; x_wconf 89' lang='lat' dir='ltr'>usus</span> <span class='ocrx_word' id='word_1_200' title='bbox 1280 2689 1334 2762; x_wconf 84' lang='lat' dir='ltr'>do</span> 
     </span>
     <span class='ocr_line' id='line_1_25' title="bbox 240 2781 1335 2886; baseline 0 -30"><span class='ocrx_word' id='word_1_201' title='bbox 240 2796 339 2870; x_wconf 78' lang='lat' dir='ltr'>aurt3</span> <span class='ocrx_word' id='word_1_202' title='bbox 364 2792 404 2856; x_wconf 92' lang='lat' dir='ltr'>ut</span> <span class='ocrx_word' id='word_1_203' title='bbox 416 2782 516 2870; x_wconf 80' lang='lat' dir='ltr'>nobis</span> <span class='ocrx_word' id='word_1_204' title='bbox 532 2782 682 2856; x_wconf 86' lang='lat' dir='ltr'>ducibus</span> <span class='ocrx_word' id='word_1_205' title='bbox 689 2783 810 2858; x_wconf 86' lang='lat' dir='ltr'>veniat</span> <span class='ocrx_word' id='word_1_206' title='bbox 825 2781 881 2864; x_wconf 84' lang='lat' dir='ltr'>eb,</span> <span class='ocrx_word' id='word_1_207' title='bbox 900 2783 973 2880; x_wconf 74' lang='lat' dir='ltr'>quia</span> <span class='ocrx_word' id='word_1_208' title='bbox 991 2789 1066 2857; x_wconf 87' lang='lat' dir='ltr'>sine</span> <span class='ocrx_word' id='word_1_209' title='bbox 1082 2787 1172 2858; x_wconf 88' lang='lat' dir='ltr'>duee</span> <span class='ocrx_word' id='word_1_210' title='bbox 1187 2787 1252 2884; x_wconf 90' lang='lat' dir='ltr'>ipsi</span> <span class='ocrx_word' id='word_1_211' title='bbox 1264 2809 1335 2886; x_wconf 90' lang='lat' dir='ltr'>per·</span> 
     </span>
     <span class='ocr_line' id='line_1_26' title="bbox 240 2879 1272 2978; baseline -0.003 -24"><span class='ocrx_word' id='word_1_212' title='bbox 240 2881 422 2956; x_wconf 89' lang='lat' dir='ltr'>venimus:</span> <span class='ocrx_word' id='word_1_213' title='bbox 448 2879 613 2978; x_wconf 87' lang='lat' dir='ltr'>quoniam</span> <span class='ocrx_word' id='word_1_214' title='bbox 628 2881 768 2954; x_wconf 89' lang='lat' dir='ltr'>meliora</span> <span class='ocrx_word' id='word_1_215' title='bbox 780 2883 905 2954; x_wconf 83' lang='lat' dir='ltr'>dooere</span> <span class='ocrx_word' id='word_1_216' title='bbox 921 2907 993 2952; x_wconf 89' lang='lat' dir='ltr'>non</span> <span class='ocrx_word' id='word_1_217' title='bbox 1006 2898 1202 2977; x_wconf 73' lang='lat' dir='ltr'>&#39;possumus</span> <span class='ocrx_word' id='word_1_218' title='bbox 1269 2909 1272 2914; x_wconf 56' lang='lat'><em>¹</em></span> 
     </span>
    </p>

    <p class='ocr_par' dir='ltr' id='par_1_4' title="bbox 241 2977 1335 3180">
     <span class='ocr_line' id='line_1_27' title="bbox 291 2977 1335 3078; baseline 0 -25"><span class='ocrx_word' id='word_1_219' title='bbox 291 2979 388 3053; x_wconf 88' lang='lat' dir='ltr'>XXI.</span> <span class='ocrx_word' id='word_1_220' title='bbox 403 2978 535 3074; x_wconf 79' lang='lat' dir='ltr'>,Atque</span> <span class='ocrx_word' id='word_1_221' title='bbox 555 2980 612 3068; x_wconf 90' lang='lat' dir='ltr'>(ut</span> <span class='ocrx_word' id='word_1_222' title='bbox 624 2977 645 3048; x_wconf 69' lang='lat' dir='ltr'>a</span> <span class='ocrx_word' id='word_1_223' title='bbox 657 2978 814 3052; x_wconf 82' lang='lat' dir='ltr'>familiari</span> <span class='ocrx_word' id='word_1_224' title='bbox 826 2989 946 3050; x_wconf 85' lang='lat' dir='ltr'>nostro</span> <span class='ocrx_word' id='word_1_225' title='bbox 959 2978 1134 3069; x_wconf 86' lang='lat' dir='ltr'>exordiar)</span> <span class='ocrx_word' id='word_1_226' title='bbox 1148 2978 1243 3052; x_wconf 89' lang='lat' dir='ltr'>hunc</span> <span class='ocrx_word' id='word_1_227' title='bbox 1257 3005 1335 3078; x_wconf 84' lang='lat' dir='ltr'>ego,</span> 
     </span>
     <span class='ocr_line' id='line_1_28' title="bbox 241 3074 1333 3180; baseline -0.004 -26"><span class='ocrx_word' id='word_1_228' title='bbox 241 3077 411 3160; x_wconf 76' lang='lat' dir='ltr'>Catule,7</span> <span class='ocrx_word' id='word_1_229' title='bbox 425 3074 617 3180; x_wconf 84' lang='lat' dir='ltr'>Sulpitium</span> <span class='ocrx_word' id='word_1_230' title='bbox 633 3076 783 3174; x_wconf 76' lang='lat' dir='ltr'>primum</span> <span class='ocrx_word' id='word_1_231' title='bbox 794 3076 831 3150; x_wconf 93' lang='lat' dir='ltr'>in</span> <span class='ocrx_word' id='word_1_232' title='bbox 849 3099 968 3148; x_wconf 85' lang='lat' dir='ltr'>caussa</span> <span class='ocrx_word' id='word_1_233' title='bbox 978 3075 1119 3174; x_wconf 76' lang='lat' dir='ltr'>paruula</span> <span class='ocrx_word' id='word_1_234' title='bbox 1135 3075 1333 3152; x_wconf 53' lang='lat' dir='ltr'>adolescen*</span> 
     </span>
    </p>
   </div>
   <div class='ocr_carea' id='block_1_3' title="bbox 12 3237 1390 4592">
    <p class='ocr_par' dir='ltr' id='par_1_5' title="bbox 12 3237 1390 4592">
     <span class='ocr_line' id='line_1_29' title="bbox 283 3237 1390 3322; baseline 0.002 -24"><span class='ocrx_word' id='word_1_235' title='bbox 283 3249 301 3298; x_wconf 83' lang='grc'><strong>4</strong></span> <span class='ocrx_word' id='word_1_236' title='bbox 316 3239 376 3299; x_wconf 76' lang='lat' dir='ltr'>caim</span> <span class='ocrx_word' id='word_1_237' title='bbox 388 3244 478 3297; x_wconf 73' lang='lat' dir='ltr'>amaria</span> <span class='ocrx_word' id='word_1_238' title='bbox 493 3239 611 3300; x_wconf 69' lang='lat' dir='ltr'>summe</span> <span class='ocrx_word' id='word_1_239' title='bbox 621 3237 761 3322; x_wconf 65' lang='lat' dir='ltr'>sacaria]</span> <span class='ocrx_word' id='word_1_240' title='bbox 774 3242 818 3300; x_wconf 87' lang='lat' dir='ltr'>Jo.</span> <span class='ocrx_word' id='word_1_241' title='bbox 834 3243 914 3317; x_wconf 83' lang='lat' dir='ltr'>Aug.</span> <span class='ocrx_word' id='word_1_242' title='bbox 930 3241 1055 3298; x_wconf 87' lang='lat' dir='ltr'>Ernesto</span> <span class='ocrx_word' id='word_1_243' title='bbox 1064 3237 1094 3298; x_wconf 94' lang='lat' dir='ltr'>id</span> <span class='ocrx_word' id='word_1_244' title='bbox 1107 3240 1186 3299; x_wconf 86' lang='lat' dir='ltr'>Clav.</span> <span class='ocrx_word' id='word_1_245' title='bbox 1200 3241 1333 3302; x_wconf 85' lang='lat' dir='ltr'>Cicercn</span> <span class='ocrx_word' id='word_1_246' title='bbox 1389 3243 1390 3314; x_wconf 62' lang='lat' dir='ltr'>i</span> 
     </span>
     <span class='ocr_line' id='line_1_30' title="bbox 242 3317 1334 3398; baseline -0.002 -20"><span class='ocrx_word' id='word_1_247' title='bbox 242 3317 359 3378; x_wconf 74' lang='lat' dir='ltr'>ridetur</span> <span class='ocrx_word' id='word_1_248' title='bbox 383 3323 503 3394; x_wconf 78' lang='lat' dir='ltr'>vulgata</span> <span class='ocrx_word' id='word_1_249' title='bbox 528 3319 617 3378; x_wconf 81' lang='lat' dir='ltr'>tactio</span> <span class='ocrx_word' id='word_1_250' title='bbox 639 3341 749 3380; x_wconf 73' lang='lat' dir='ltr'>samma</span> <span class='ocrx_word' id='word_1_251' title='bbox 763 3319 880 3379; x_wconf 81' lang='lat' dir='ltr'>defendi</span> <span class='ocrx_word' id='word_1_252' title='bbox 895 3338 989 3395; x_wconf 84' lang='lat' dir='ltr'>posse,</span> <span class='ocrx_word' id='word_1_253' title='bbox 1004 3339 1149 3398; x_wconf 80' lang='lat' dir='ltr'>vocesque</span> <span class='ocrx_word' id='word_1_254' title='bbox 1160 3325 1250 3377; x_wconf 77' lang='lat' dir='ltr'>cannia</span> <span class='ocrx_word' id='word_1_255' title='bbox 1262 3341 1334 3378; x_wconf 77' lang='lat' dir='ltr'>nana-</span> 
     </span>
     <span class='ocr_line' id='line_1_31' title="bbox 243 3398 1331 3476; baseline 0 -20"><span class='ocrx_word' id='word_1_256' title='bbox 243 3400 398 3469; x_wconf 80' lang='lat' dir='ltr'>masacere</span> <span class='ocrx_word' id='word_1_257' title='bbox 414 3398 588 3472; x_wconf 83' lang='lat' dir='ltr'>significare,</span> <span class='ocrx_word' id='word_1_258' title='bbox 611 3398 707 3458; x_wconf 79' lang='lat' dir='ltr'>iacere</span> <span class='ocrx_word' id='word_1_259' title='bbox 719 3415 859 3476; x_wconf 86' lang='lat' dir='ltr'>quantum</span> <span class='ocrx_word' id='word_1_260' title='bbox 874 3401 966 3475; x_wconf 89' lang='lat' dir='ltr'>possit</span> <span class='ocrx_word' id='word_1_261' title='bbox 981 3420 989 3454; x_wconf 79' lang='lat' dir='ltr'>a</span> <span class='ocrx_word' id='word_1_262' title='bbox 1010 3413 1043 3458; x_wconf 90' lang='lat' dir='ltr'>ut</span> <span class='ocrx_word' id='word_1_263' title='bbox 1056 3399 1085 3456; x_wconf 92' lang='lat' dir='ltr'>in</span> <span class='ocrx_word' id='word_1_264' title='bbox 1098 3401 1153 3474; x_wconf 81' lang='lat' dir='ltr'>Ep.</span> <span class='ocrx_word' id='word_1_265' title='bbox 1168 3403 1202 3458; x_wconf 89' lang='lat' dir='ltr'>ad</span> <span class='ocrx_word' id='word_1_266' title='bbox 1215 3403 1276 3460; x_wconf 79' lang='lat' dir='ltr'>Art.</span> <span class='ocrx_word' id='word_1_267' title='bbox 1289 3419 1331 3458; x_wconf 86' lang='lat' dir='ltr'>xv.</span> 
     </span>
     <span class='ocr_line' id='line_1_32' title="bbox 247 3478 1334 3556; baseline 0.007 -22"><span class='ocrx_word' id='word_1_268' title='bbox 247 3485 291 3548; x_wconf 71' lang='lat'>1³·</span> <span class='ocrx_word' id='word_1_269' title='bbox 300 3497 361 3534; x_wconf 37' lang='lat' dir='ltr'>*aeae</span> <span class='ocrx_word' id='word_1_270' title='bbox 373 3481 408 3534; x_wconf 81' lang='lat' dir='ltr'>de</span> <span class='ocrx_word' id='word_1_271' title='bbox 421 3478 608 3534; x_wconf 75' lang='lat' dir='ltr'>attributione</span> <span class='ocrx_word' id='word_1_272' title='bbox 622 3483 711 3532; x_wconf 83' lang='lat' dir='ltr'>onnia</span> <span class='ocrx_word' id='word_1_273' title='bbox 724 3499 833 3534; x_wconf 76' lang='lat' dir='ltr'>summa</span> <span class='ocrx_word' id='word_1_274' title='bbox 847 3481 967 3550; x_wconf 77' lang='lat' dir='ltr'>secisse,</span> <span class='ocrx_word' id='word_1_275' title='bbox 982 3481 1041 3536; x_wconf 84' lang='lat' dir='ltr'>Sed</span> <span class='ocrx_word' id='word_1_276' title='bbox 1062 3479 1160 3554; x_wconf 77' lang='lat' dir='ltr'>potitis</span> <span class='ocrx_word' id='word_1_277' title='bbox 1173 3483 1334 3556; x_wconf 60' lang='lat' dir='ltr'>sequendos</span> 
     </span>
     <span class='ocr_line' id='line_1_33' title="bbox 243 3554 1331 3634; baseline 0 -18"><span class='ocrx_word' id='word_1_278' title='bbox 243 3575 310 3616; x_wconf 81' lang='lat' dir='ltr'>osse</span> <span class='ocrx_word' id='word_1_279' title='bbox 320 3558 401 3614; x_wconf 32' lang='lat' dir='ltr'>,duco</span> <span class='ocrx_word' id='word_1_280' title='bbox 415 3557 521 3615; x_wconf 88' lang='lat' dir='ltr'>MStos</span> <span class='ocrx_word' id='word_1_281' title='bbox 535 3554 615 3612; x_wconf 84' lang='lat' dir='ltr'>Harl.</span> <span class='ocrx_word' id='word_1_282' title='bbox 637 3557 720 3624; x_wconf 81' lang='lat' dir='ltr'>duos,</span> <span class='ocrx_word' id='word_1_283' title='bbox 734 3557 816 3615; x_wconf 81' lang='lat' dir='ltr'>Cant.</span> <span class='ocrx_word' id='word_1_284' title='bbox 838 3561 928 3634; x_wconf 85' lang='lat' dir='ltr'>Wag.</span> <span class='ocrx_word' id='word_1_285' title='bbox 943 3572 973 3616; x_wconf 87' lang='lat' dir='ltr'>et</span> <span class='ocrx_word' id='word_1_286' title='bbox 985 3559 1067 3616; x_wconf 87' lang='lat' dir='ltr'>Joan.</span> <span class='ocrx_word' id='word_1_287' title='bbox 1081 3560 1186 3634; x_wconf 85' lang='lat' dir='ltr'>quibus</span> <span class='ocrx_word' id='word_1_288' title='bbox 1206 3559 1272 3616; x_wconf 88' lang='lat' dir='ltr'>addi</span> <span class='ocrx_word' id='word_1_289' title='bbox 1285 3569 1331 3634; x_wconf 83' lang='lat' dir='ltr'>po-</span> 
     </span>
     <span class='ocr_line' id='line_1_34' title="bbox 243 3629 1330 3716; baseline 0 -24"><span class='ocrx_word' id='word_1_290' title='bbox 243 3647 305 3702; x_wconf 76' lang='lat' dir='ltr'>test</span> <span class='ocrx_word' id='word_1_291' title='bbox 318 3634 435 3701; x_wconf 76' lang='lat' dir='ltr'>Msaus,</span> <span class='ocrx_word' id='word_1_292' title='bbox 448 3633 538 3712; x_wconf 77' lang='lat' dir='ltr'>cujus</span> <span class='ocrx_word' id='word_1_293' title='bbox 549 3632 731 3716; x_wconf 79' lang='lat' dir='ltr'>mentionem</span> <span class='ocrx_word' id='word_1_294' title='bbox 745 3633 815 3694; x_wconf 85' lang='lat' dir='ltr'>iacit</span> <span class='ocrx_word' id='word_1_295' title='bbox 836 3637 896 3696; x_wconf 79' lang='lat' dir='ltr'>dac.</span> <span class='ocrx_word' id='word_1_296' title='bbox 911 3637 1087 3694; x_wconf 82' lang='lat' dir='ltr'>Gronovius.</span> <span class='ocrx_word' id='word_1_297' title='bbox 1129 3638 1243 3698; x_wconf 84' lang='lat' dir='ltr'>Passim</span> <span class='ocrx_word' id='word_1_298' title='bbox 1257 3629 1330 3714; x_wconf 85' lang='lat' dir='ltr'>apud</span> 
     </span>
     <span class='ocr_line' id='line_1_35' title="bbox 237 3711 1332 3796; baseline 0 -24"><span class='ocrx_word' id='word_1_299' title='bbox 237 3712 421 3782; x_wconf 77' lang='lat' dir='ltr'>&#39;Ciceronem</span> <span class='ocrx_word' id='word_1_300' title='bbox 435 3724 603 3781; x_wconf 85' lang='lat' dir='ltr'>occurrunt,</span> <span class='ocrx_word' id='word_1_301' title='bbox 611 3714 717 3774; x_wconf 63' lang='lat' dir='ltr'>suntme*</span> <span class='ocrx_word' id='word_1_302' title='bbox 727 3720 892 3786; x_wconf 75' lang='lat' dir='ltr'>sollicitare,</span> <span class='ocrx_word' id='word_1_303' title='bbox 907 3721 1089 3786; x_wconf 81' lang='lat' dir='ltr'>contendere,</span> <span class='ocrx_word' id='word_1_304' title='bbox 1097 3725 1212 3788; x_wconf 74' lang='lat' dir='ltr'>laetere,</span> <span class='ocrx_word' id='word_1_305' title='bbox 1224 3719 1261 3776; x_wconf 89' lang='lat' dir='ltr'>de</span> <span class='ocrx_word' id='word_1_306' title='bbox 1273 3711 1332 3796; x_wconf 85' lang='lat' dir='ltr'>qui·</span> 
     </span>
     <span class='ocr_line' id='line_1_36' title="bbox 244 3788 1389 3856; baseline 0.008 -10"><span class='ocrx_word' id='word_1_307' title='bbox 244 3788 394 3854; x_wconf 66' lang='grc'><strong>1111111111</strong></span> <span class='ocrx_word' id='word_1_308' title='bbox 402 3789 606 3852; x_wconf 82' lang='lat' dir='ltr'>Gronovinsin</span> <span class='ocrx_word' id='word_1_309' title='bbox 619 3796 727 3856; x_wconf 80' lang='lat' dir='ltr'>locum.</span> <span class='ocrx_word' id='word_1_310' title='bbox 1320 3791 1322 3798; x_wconf 76' lang='grc'>’</span> <span class='ocrx_word' id='word_1_311' title='bbox 1388 3829 1389 3855; x_wconf 56' lang='lat' dir='ltr'>t</span> 
     </span>
     <span class='ocr_line' id='line_1_37' title="bbox 285 3870 1389 3952; baseline 0.007 -24"><span class='ocrx_word' id='word_1_312' title='bbox 285 3879 301 3928; x_wconf 84' lang='lat'><em>5</em></span> <span class='ocrx_word' id='word_1_313' title='bbox 315 3881 412 3935; x_wconf 76' lang='lat' dir='ltr'>tamen</span> <span class='ocrx_word' id='word_1_314' title='bbox 425 3875 465 3928; x_wconf 79' lang='lat' dir='ltr'>od</span> <span class='ocrx_word' id='word_1_315' title='bbox 477 3870 648 3952; x_wconf 76' lang='lat' dir='ltr'>mediocres]</span> <span class='ocrx_word' id='word_1_316' title='bbox 671 3875 737 3932; x_wconf 89' lang='lat' dir='ltr'>Vel.</span> <span class='ocrx_word' id='word_1_317' title='bbox 760 3876 828 3950; x_wconf 83' lang='lat' dir='ltr'>lage</span> <span class='ocrx_word' id='word_1_318' title='bbox 842 3874 949 3933; x_wconf 68' lang='lat' dir='ltr'>tannim</span> <span class='ocrx_word' id='word_1_319' title='bbox 961 3878 1001 3930; x_wconf 79' lang='lat' dir='ltr'>art</span> <span class='ocrx_word' id='word_1_320' title='bbox 1014 3877 1251 3946; x_wconf 64' lang='lat' dir='ltr'>medianense}</span> <span class='ocrx_word' id='word_1_321' title='bbox 1273 3883 1332 3950; x_wconf 82' lang='lat' dir='ltr'>post</span> <span class='ocrx_word' id='word_1_322' title='bbox 1388 3883 1389 3936; x_wconf 83' lang='lat' dir='ltr'>l</span> 
     </span>
     <span class='ocr_line' id='line_1_38' title="bbox 244 3949 1389 4032; baseline 0 -24"><span class='ocrx_word' id='word_1_323' title='bbox 244 3951 402 4008; x_wconf 77' lang='lat' dir='ltr'>mediocres</span> <span class='ocrx_word' id='word_1_324' title='bbox 417 3949 603 4028; x_wconf 80' lang='lat' dir='ltr'>subintellige</span> <span class='ocrx_word' id='word_1_325' title='bbox 617 3952 713 4022; x_wconf 70' lang='lat' dir='ltr'>amrin,</span> <span class='ocrx_word' id='word_1_326' title='bbox 724 3973 790 4030; x_wconf 83' lang='lat' dir='ltr'>quae</span> <span class='ocrx_word' id='word_1_327' title='bbox 811 3973 867 4012; x_wconf 86' lang='lat' dir='ltr'>vox</span> <span class='ocrx_word' id='word_1_328' title='bbox 879 3956 992 4028; x_wconf 85' lang='lat' dir='ltr'>saepius</span> <span class='ocrx_word' id='word_1_329' title='bbox 1004 3953 1034 4010; x_wconf 82' lang='lat' dir='ltr'>in</span> <span class='ocrx_word' id='word_1_330' title='bbox 1045 3954 1164 4028; x_wconf 82' lang='lat' dir='ltr'>optimis</span> <span class='ocrx_word' id='word_1_331' title='bbox 1187 3952 1329 4032; x_wconf 82' lang='lat' dir='ltr'>scriptori·</span> <span class='ocrx_word' id='word_1_332' title='bbox 1388 3949 1389 3992; x_wconf 75' lang='lat' dir='ltr'>l</span> 
     </span>
     <span class='ocr_line' id='line_1_39' title="bbox 244 4026 1330 4109; baseline 0.006 -24"><span class='ocrx_word' id='word_1_333' title='bbox 244 4029 301 4088; x_wconf 84' lang='lat' dir='ltr'>bus</span> <span class='ocrx_word' id='word_1_334' title='bbox 311 4029 346 4085; x_wconf 90' lang='lat' dir='ltr'>ad</span> <span class='ocrx_word' id='word_1_335' title='bbox 360 4026 573 4101; x_wconf 81' lang='lat' dir='ltr'>perficiendum</span> <span class='ocrx_word' id='word_1_336' title='bbox 595 4050 715 4092; x_wconf 74' lang='grc'><strong>1111111111</strong></span> <span class='ocrx_word' id='word_1_337' title='bbox 730 4035 890 4109; x_wconf 85' lang='lat' dir='ltr'>supplenda</span> <span class='ocrx_word' id='word_1_338' title='bbox 903 4047 957 4092; x_wconf 86' lang='lat' dir='ltr'>est.</span> <span class='ocrx_word' id='word_1_339' title='bbox 976 4035 1055 4094; x_wconf 78' lang='lat' dir='ltr'>Vide</span> <span class='ocrx_word' id='word_1_340' title='bbox 1070 4037 1140 4094; x_wconf 85' lang='lat' dir='ltr'>Nor.</span> <span class='ocrx_word' id='word_1_341' title='bbox 1154 4055 1252 4094; x_wconf 77' lang='lat' dir='ltr'>ineam</span> <span class='ocrx_word' id='word_1_342' title='bbox 1267 4036 1299 4092; x_wconf 88' lang='lat' dir='ltr'>ad</span> <span class='ocrx_word' id='word_1_343' title='bbox 1312 4031 1330 4086; x_wconf 83' lang='lat' dir='ltr'>i·</span> 
     </span>
     <span class='ocr_line' id='line_1_40' title="bbox 12 4107 600 4192; baseline -0.002 -23"><span class='ocrx_word' id='word_1_344' title='bbox 12 4171 14 4192; x_wconf 24' lang='lat' dir='ltr'>k</span> <span class='ocrx_word' id='word_1_345' title='bbox 244 4115 293 4181; x_wconf 76' lang='lat'>40,</span> <span class='ocrx_word' id='word_1_346' title='bbox 306 4110 343 4166; x_wconf 84' lang='lat' dir='ltr'>(le</span> <span class='ocrx_word' id='word_1_347' title='bbox 354 4107 479 4176; x_wconf 73' lang='lat' dir='ltr'>officiis,</span> <span class='ocrx_word' id='word_1_348' title='bbox 494 4126 522 4184; x_wconf 83' lang='lat' dir='ltr'>p.</span> <span class='ocrx_word' id='word_1_349' title='bbox 539 4117 600 4170; x_wconf 77' lang='lat'>145.</span> 
     </span>
     <span class='ocr_line' id='line_1_41' title="bbox 12 4191 1332 4274; baseline 0.005 -33"><span class='ocrx_word' id='word_1_350' title='bbox 12 4205 14 4260; x_wconf 64' lang='lat' dir='ltr'><strong>j</strong></span> <span class='ocrx_word' id='word_1_351' title='bbox 286 4195 302 4244; x_wconf 87' lang='lat'><strong>6</strong></span> <span class='ocrx_word' id='word_1_352' title='bbox 316 4193 446 4250; x_wconf 79' lang='lat' dir='ltr'>atterum,</span> <span class='ocrx_word' id='word_1_353' title='bbox 455 4193 509 4244; x_wconf 29' lang='lat' dir='ltr'>*vet</span> <span class='ocrx_word' id='word_1_354' title='bbox 518 4209 573 4248; x_wconf 90' lang='lat' dir='ltr'>non</span> <span class='ocrx_word' id='word_1_355' title='bbox 583 4194 694 4260; x_wconf 80' lang='lat' dir='ltr'>facere,</span> <span class='ocrx_word' id='word_1_356' title='bbox 704 4196 779 4263; x_wconf 80' lang='lat' dir='ltr'>qnod</span> <span class='ocrx_word' id='word_1_357' title='bbox 792 4211 846 4250; x_wconf 88' lang='lat' dir='ltr'>non</span> <span class='ocrx_word' id='word_1_358' title='bbox 860 4192 964 4264; x_wconf 60' lang='lat' dir='ltr'>optime*</span> <span class='ocrx_word' id='word_1_359' title='bbox 973 4191 1096 4274; x_wconf 66' lang='lat' dir='ltr'>poesia]</span> <span class='ocrx_word' id='word_1_360' title='bbox 1112 4195 1155 4252; x_wconf 89' lang='lat' dir='ltr'>Ut</span> <span class='ocrx_word' id='word_1_361' title='bbox 1168 4213 1272 4254; x_wconf 85' lang='lat' dir='ltr'>sensus</span> <span class='ocrx_word' id='word_1_362' title='bbox 1284 4193 1332 4249; x_wconf 65' lang='lat' dir='ltr'>hu‘·</span> 
     </span>
     <span class='ocr_line' id='line_1_42' title="bbox 12 4265 1166 4348; baseline 0.005 -26"><span class='ocrx_word' id='word_1_363' title='bbox 12 4267 14 4322; x_wconf 77' lang='lat' dir='ltr'>t</span> <span class='ocrx_word' id='word_1_364' title='bbox 241 4265 295 4346; x_wconf 79' lang='lat' dir='ltr'>jus</span> <span class='ocrx_word' id='word_1_365' title='bbox 307 4267 363 4334; x_wconf 87' lang='lat' dir='ltr'>loci</span> <span class='ocrx_word' id='word_1_366' title='bbox 378 4267 489 4342; x_wconf 81' lang='lat' dir='ltr'>planilrs</span> <span class='ocrx_word' id='word_1_367' title='bbox 501 4285 646 4343; x_wconf 82' lang='lat' dir='ltr'>appareat,</span> <span class='ocrx_word' id='word_1_368' title='bbox 660 4271 725 4329; x_wconf 79' lang='lat' dir='ltr'>vida</span> <span class='ocrx_word' id='word_1_369' title='bbox 741 4275 850 4332; x_wconf 84' lang='lat' dir='ltr'>Natam</span> <span class='ocrx_word' id='word_1_370' title='bbox 870 4275 906 4330; x_wconf 84' lang='lat' dir='ltr'>ad</span> <span class='ocrx_word' id='word_1_371' title='bbox 916 4277 934 4332; x_wconf 90' lang='lat' dir='ltr'>l.</span> <span class='ocrx_word' id='word_1_372' title='bbox 949 4274 967 4332; x_wconf 93' lang='lat' dir='ltr'>i.</span> <span class='ocrx_word' id='word_1_373' title='bbox 983 4295 1008 4332; x_wconf 87' lang='lat' dir='ltr'>e.</span> <span class='ocrx_word' id='word_1_374' title='bbox 1021 4281 1065 4331; x_wconf 73' lang='grc'>75.</span> <span class='ocrx_word' id='word_1_375' title='bbox 1082 4294 1108 4348; x_wconf 87' lang='lat' dir='ltr'>p.</span> <span class='ocrx_word' id='word_1_376' title='bbox 1121 4285 1166 4330; x_wconf 85' lang='lat'>55.</span> 
     </span>
     <span class='ocr_line' id='line_1_43' title="bbox 12 4343 1388 4442; baseline 0.008 -43"><span class='ocrx_word' id='word_1_377' title='bbox 12 4359 14 4376; x_wconf 69' lang='lat'>¹</span> <span class='ocrx_word' id='word_1_378' title='bbox 287 4350 305 4398; x_wconf 99' lang='grc'><strong>7</strong></span> <span class='ocrx_word' id='word_1_379' title='bbox 322 4344 471 4414; x_wconf 69' lang='lat' dir='ltr'>Salaniana</span> <span class='ocrx_word' id='word_1_380' title='bbox 482 4350 616 4417; x_wconf 66' lang='lat' dir='ltr'>primam,</span> <span class='ocrx_word' id='word_1_381' title='bbox 630 4349 702 4442; x_wconf 76' lang='lat' dir='ltr'>etc]</span> <span class='ocrx_word' id='word_1_382' title='bbox 723 4352 883 4411; x_wconf 86' lang='lat' dir='ltr'>Lambinus</span> <span class='ocrx_word' id='word_1_383' title='bbox 897 4356 1056 4429; x_wconf 74' lang='lat' dir='ltr'>legendum</span> <span class='ocrx_word' id='word_1_384' title='bbox 1071 4372 1136 4410; x_wconf 86' lang='lat' dir='ltr'>esse</span> <span class='ocrx_word' id='word_1_385' title='bbox 1152 4349 1332 4417; x_wconf 67' lang='lat' dir='ltr'>consutam!-</span> <span class='ocrx_word' id='word_1_386' title='bbox 1387 4343 1388 4378; x_wconf 72' lang='lat'>³</span> 
     </span>
     <span class='ocr_line' id='line_1_44' title="bbox 240 4427 1331 4506; baseline 0.005 -27"><span class='ocrx_word' id='word_1_387' title='bbox 240 4427 436 4492; x_wconf 62' lang='lat' dir='ltr'>patiamini</span> <span class='ocrx_word' id='word_1_388' title='bbox 445 4430 579 4501; x_wconf 74' lang='lat' dir='ltr'>prinam,</span> <span class='ocrx_word' id='word_1_389' title='bbox 589 4445 645 4487; x_wconf 83' lang='lat' dir='ltr'>etc.</span> <span class='ocrx_word' id='word_1_390' title='bbox 660 4431 771 4495; x_wconf 76' lang='lat' dir='ltr'>scilicet</span> <span class='ocrx_word' id='word_1_391' title='bbox 787 4431 816 4504; x_wconf 83' lang='lat' dir='ltr'>ei</span> <span class='ocrx_word' id='word_1_392' title='bbox 830 4434 892 4491; x_wconf 84' lang='lat' dir='ltr'>visa</span> <span class='ocrx_word' id='word_1_393' title='bbox 911 4447 957 4492; x_wconf 86' lang='lat' dir='ltr'>cst</span> <span class='ocrx_word' id='word_1_394' title='bbox 971 4453 1027 4490; x_wconf 77' lang='lat' dir='ltr'>nox</span> <span class='ocrx_word' id='word_1_395' title='bbox 1043 4435 1104 4488; x_wconf 71' lang='lat' dir='ltr'>cnm</span> <span class='ocrx_word' id='word_1_396' title='bbox 1121 4433 1135 4488; x_wconf 80' lang='lat' dir='ltr'>&#39;a</span> <span class='ocrx_word' id='word_1_397' title='bbox 1150 4432 1241 4490; x_wconf 85' lang='lat' dir='ltr'>simili</span> <span class='ocrx_word' id='word_1_398' title='bbox 1255 4429 1331 4506; x_wconf 76' lang='lat' dir='ltr'>syrta-</span> 
     </span>
     <span class='ocr_line' id='line_1_45' title="bbox 247 4504 1331 4592; baseline 0.005 -28"><span class='ocrx_word' id='word_1_399' title='bbox 247 4504 282 4564; x_wconf 74' lang='lat' dir='ltr'>ba</span> <span class='ocrx_word' id='word_1_400' title='bbox 294 4506 368 4587; x_wconf 70' lang='lat' dir='ltr'>ciam</span> <span class='ocrx_word' id='word_1_401' title='bbox 382 4507 461 4567; x_wconf 74' lang='lat' dir='ltr'>verbi</span> <span class='ocrx_word' id='word_1_402' title='bbox 472 4511 668 4585; x_wconf 65' lang='lat' dir='ltr'>pessundanda</span> <span class='ocrx_word' id='word_1_403' title='bbox 680 4513 813 4588; x_wconf 81' lang='lat' dir='ltr'>absorpta</span> <span class='ocrx_word' id='word_1_404' title='bbox 823 4531 899 4582; x_wconf 77' lang='lat' dir='ltr'>osse.</span> <span class='ocrx_word' id='word_1_405' title='bbox 941 4511 1081 4592; x_wconf 55' lang='lat' dir='ltr'>sedebat</span> <span class='ocrx_word' id='word_1_406' title='bbox 1093 4511 1252 4572; x_wconf 70' lang='lat' dir='ltr'>coronant</span> <span class='ocrx_word' id='word_1_407' title='bbox 1266 4521 1331 4582; x_wconf 77' lang='lat' dir='ltr'>qna·</span> 
     </span>
    </p>
   </div>
   <div class='ocr_carea' id='block_1_4' title="bbox 0 0 1422 5020">
    <p class='ocr_par' dir='ltr' id='par_1_6' title="bbox 0 0 1422 5020">
     <span class='ocr_line' id='line_1_46' title="bbox 0 0 1422 5020; baseline 0 0"><span class='ocrx_word' id='word_1_408' title='bbox 0 0 1422 5020; x_wconf 95' lang='lat' dir='ltr'> </span> 
     </span>
    </p>
   </div>
  </div>
 </body>
</html>
