2882 5012
261 342 319 402 ras
692 339 752 400 nn
770 337 988 428 onaronu

262 497 305 562 ut
320 481 453 560 virtutis
471 483 651 567 suntne,
667 485 718 562 sio
732 489 906 566 doetrinoe
922 495 1007 566 sunt
1019 485 1140 560 abillis
1156 485 1310 584 exempla
1320 509 1375 559 ree,

262 584 443 682 petenda),
458 597 594 681 septem
604 585 712 658 fuisse
725 588 891 662 diormtnr
905 597 1155 682 unotempore,
1171 585 1233 679 qui
1245 585 1367 680 sapien·

260 689 317 754 tes
333 690 373 756 et
384 682 594 757 haberentur
608 694 644 758 et
662 697 884 760 vocarentur:
902 685 938 760 hi
950 709 1085 764 omnes,
1103 694 1232 782 proeter
1244 681 1365 756 Milesi·

261 803 323 852 um
338 781 490 862 Thalen,
507 783 778 859 civitatibussuis
791 784 1020 882 presserunt.
1071 780 1166 864 Quis
1177 780 1312 856 doctior
1325 779 1367 852 iis

259 877 342 952 dem
365 879 431 952 illis
447 892 519 956 tem
583 882 669 962 ibus,
695 894 754 957 aut
769 881 867 977 eujus
883 879 1085 978 eloquentia
1101 880 1210 954 literis
1226 880 1368 952 instruo

262 975 447 1052 riortuine
460 989 512 1054 tro
538 979 620 1062 itur,
632 984 739 1075 quam
751 977 944 1054 Pisistrati?
970 979 1032 1076 qui
1042 979 1170 1076 primus
1180 976 1331 1050 Homeri
1339 973 1369 1049 li·

260 1071 354 1156 bros,
366 1078 531 1150 oonlosos
545 1092 657 1157 antea,
670 1080 721 1153 sio
736 1079 949 1176 disposuisse
962 1077 1101 1159 dioitur,
1119 1085 1158 1152 ut
1171 1099 1271 1152 nuno
1283 1075 1370 1146 habe*

260 1193 352 1244 mus.
404 1173 634 1246 Nonfuitille
653 1177 797 1270 quidem
814 1176 946 1250 civibus
961 1175 1033 1250 suis
1055 1176 1164 1256 utilis,
1180 1175 1242 1248 ssd
1254 1175 1305 1246 ita
1315 1171 1372 1244 elo

263 1269 408 1366 quentid
430 1270 556 1349 floruit,
584 1281 626 1342 ut
655 1273 761 1344 literis
777 1274 1007 1369 dootn'naque
1028 1281 1235 1371 praestaret..
1281 1267 1373 1354 Quid

263 1367 439 1444 Pericles?
463 1369 508 1440 ds
527 1367 634 1464 eujus
651 1369 790 1442 dicendi
808 1371 907 1465 copia
932 1371 982 1441 sio
1009 1371 1219 1466 woepimus,
1233 1379 1284 1450 ut,
1302 1368 1375 1442 sirm

264 1475 387 1540 oontra
411 1467 626 1540 voluntatem
652 1465 921 1540 Atheniensium
948 1467 961 1538 l
1011 1478 1152 1540 seretur
1179 1491 1250 1562 pro
1269 1468 1376 1538 salute

264 1564 388 1662 patrirs
404 1565 565 1646 severius,
589 1565 756 1640 turnonid
777 1564 902 1662 ipsum,
915 1589 967 1662 qu
1029 1565 1086 1638 ille
1102 1574 1226 1638 eontra
1242 1565 1379 1662 popula·

263 1685 321 1738 res
336 1661 494 1736 homines
510 1664 645 1736 dioeret
663 1665 824 1761 populare
834 1663 995 1736 omnibus
1006 1663 1237 1760 &jusundum
1255 1662 1381 1734 videre·

262 1765 338 1850 tur;
362 1759 462 1858 eujus
478 1761 515 1835 iu
531 1761 634 1836 labris
646 1771 779 1836 veteres
790 1759 931 1841 oomioi,
956 1762 1059 1833 etiarn
1079 1760 1162 1832 oiim
1176 1757 1228 1831 illi
1244 1759 1381 1834 maledi·

262 1870 386 1933 nerent
400 1861 511 1958 (quod
527 1871 604 1934 tum
620 1859 771 1934 Athenis
786 1860 861 1932 fieri
874 1859 1025 1948 licebat),
1041 1859 1058 1917 2
1073 1856 1229 1952 lephrem
1239 1855 1380 1932 habitas

263 1979 305 2028 se
321 1957 502 2044 dixerunt;
516 1969 718 2054 tantamque
732 1959 767 2030 in
784 1982 828 2030 eo
840 1958 909 2030 vim
921 1957 1037 2036 fuisso,
1057 1967 1097 2028 ut
1113 1953 1150 2028 in
1160 1977 1280 2028 eorum
1293 1980 1378 2032 uren·

264 2051 371 2133 tibus,
388 2055 448 2151 qui
478 2055 669 2134 audissent,
690 2055 789 2152 quasi
811 2056 953 2128 aculeos
970 2052 1138 2149 quosdam
1163 2051 1376 2150 relinqueret.

266 2146 318 2224 At
335 2153 431 2226 huno
446 2177 519 2226 non
531 2153 691 2226 clamator
701 2151 823 2248 aliquis
835 2152 879 2226 ad
898 2149 914 2198 3
928 2151 1150 2248 clepsydram
1159 2151 1289 2224 latrare
1300 2151 1377 2224 docu

265 2261 353 2340 erat,
369 2252 444 2336 sed,
454 2266 492 2325 ut
509 2252 716 2349 aooepimus‚
737 2249 985 2325 Clazomenius
1002 2249 1059 2324 ille
1083 2247 1318 2346 Anaxagoras,
1337 2248 1377 2320 vir

263 2370 423 2424 summus
449 2351 485 2422 in
502 2349 726 2424 maximarum
742 2346 1027 2424 rerumsoientia.
1080 2347 1207 2443 ltaque
1227 2347 1284 2422 hio
1308 2348 1375 2420 doo-

266 2446 361 2516 trina
372 2448 530 2524 consilio,
542 2447 744 2538 eloquentia
756 2447 936 2516 excellens
944 2444 1172 2538 quadraginta
1181 2467 1378 2542 annosproe·

263 2537 333 2614 luit
357 2540 509 2613 Athenis
526 2552 563 2612 et
575 2541 714 2614 urbanis
727 2539 866 2612 eodem
887 2549 1041 2636 tempore
1068 2551 1107 2615 et
1123 2544 1261 2618 ‚belhen
1273 2541 1376 2618 rebus.

264 2638 369 2722 Quid
397 2636 545 2710 Critias?
569 2638 655 2733 quid
686 2638 905 2712 Alcibiades?
928 2635 1226 2714 civitatibus-sats
1247 2643 1378 2738 quidem

263 2759 341 2813 non
356 2736 448 2818 honi,
465 2737 528 2810 sed
552 2736 652 2810 uerte
668 2736 763 2810 dooti
779 2745 888 2836 atque
898 2736 1115 2832 eloquentes,
1129 2765 1254 2816 nonne
1271 2743 1377 2814 Soura

265 2835 344 2910 tieis
360 2845 456 2910 erant
468 2834 770 2932 disputationibus
783 2833 931 2908 eruditi?
955 2835 1050 2919 Quis
1074 2836 1227 2910 Dionem
1242 2839 1378 2934 Syracu

265 2934 357 3010 sium
373 2933 542 3008 doctrinis
569 2931 732 3008 omnibus
743 2932 934 3030 expolivit?
959 2957 1033 3006 non
1043 2931 1166 3003 Plato?
1181 2942 1290 3030 atque
1308 2960 1377 3010 eun

265 3034 364 3108 idem
375 3032 435 3106 ille
449 3056 524 3106 non
539 3029 675 3128 liuguae
692 3031 814 3113 solirm,
830 3031 950 3106 veriam
966 3031 1068 3104 etiam
1082 3029 1184 3103 animi
1201 3056 1242 3130 ao
1251 3027 1377 3108 uirtutis

265 3130 431 3230 magister
442 3131 486 3204 ad
501 3129 707 3204 liberandam
725 3129 863 3225 patriam
879 3129 1028 3228 impulit,
1044 3129 1220 3222 instruxit,
1236 3128 1376 3208 annarit

266 3229 401 3314 Aliisne
431 3230 537 3326 igitur
552 3229 684 3302 artibus
708 3227 805 3306 huno
826 3228 979 3302 Dionem
1001 3227 1152 3302 instituit
1170 3227 1294 3313 Plato,
1320 3231 1378 3307 aliis

266 3328 440 3404 Isocrates
464 3327 696 3402 clarissimum
725 3326 836 3400 virum
849 3327 1091 3407 Timotheum,
1119 3327 1289 3412 Cononis,
1305 3352 1378 3428 pru*

268 3425 472 3504 stantissimi
490 3425 538 3515 im
563 3417 1378 3527 eratoris,filium,summu1nipsumirn'peratorem

262 3520 517 3619 hominemque
529 3451 796 3597 doctissimum?
819 3536 880 3596 aut
896 3523 969 3596 aliis
987 3525 1225 3622 Pythagoreus
1237 3525 1297 3612 ille
1320 3527 1377 3623 Ly·

265 3621 316 3706 sis
332 3625 541 3726 Thebanum
553 3619 843 3720 Epaminondam,
853 3621 947 3708 haud
955 3622 1028 3706 soio
1037 3622 1081 3698 ad
1093 3647 1268 3714 sumtuum
1279 3627 1376 3698 virum

231 3884 234 3888 ,
309 3821 648 3903 flandr-embolimaea]
667 3823 754 3898 Quod
765 3823 815 3882 hle
832 3823 965 3896 lefirlrem,
985 3823 1055 3884 alibi
1073 3827 1298 3882 vocatauadum.
1338 3800 1375 3858 Sic
1403 3823 1404 3884 l

266 3901 386 3977 lnBrur
412 3923 437 3962 c.
457 3907 695 3984 15.-suadaeque
722 3905 1031 3980 medullap-—nnlrh
1050 3921 1134 3978 quam
1159 3920 1263 3962 vocant
1290 3905 1375 3960 Graes
1403 3905 1404 3946 l

269 3984 355 4058 eujus
366 3985 480 4064 effector
490 3997 531 4062 ear
544 3996 651 4057 erutor,
661 3979 863 4061 lranrsuadam
878 3989 1039 4054 appellavit
1054 3987 1174 4040 Ennius
1186 4006 1197 4042 .-
1209 3985 1283 4055 ‘ejue
1296 3994 1376 4039 auten

269 4067 425 4136 Cethegum
437 4069 588 4138 medullam
607 4068 705 4136 facisse
729 4061 804 4140 uultp
831 4078 864 4134 ur
879 4081 964 4134 quum
993 4069 1073 4124 deum
1101 4067 1133 4120 ln
1156 4065 1282 4121 Peraeae
1301 4063 1374 4120 lubra

262 4149 386 4216 ecrr'trsh
410 4147 530 4224 Eupolis
553 4148 731 4223 resairnvr'raa
754 4145 841 4217 hujus
855 4147 900 4220 lic
925 4149 1078 4210 medullam
1096 4153 1229 4202 noenum
1249 4155 1375 4202 oratorem

259 4229 360 4316 salsae
375 4229 497 4282 dixerit.
793 4221 795 4227 '
1302 4255 1304 4264 =

311 4310 327 4369 3
344 4303 552 4385 clepsydram]
572 4307 636 4384 Vas
650 4303 706 4378 luit
724 4303 798 4383 aqud
811 4307 942 4381 plenum,
956 4305 1005 4365 cui
1018 4305 1055 4362 in,
1071 4303 1162 4364 frando
1175 4297 1376 4378 angustante

159 4399 163 4408 ¹
266 4395 369 4439 tamen
385 4403 439 4458 per
452 4388 528 4464 quod
540 4405 613 4463 aqua
621 4383 757 4466 guttatim
773 4386 913 4448 deflueret
926 4407 945 4466 ᾗ·
956 4389 1028 4446 dum
1042 4383 1091 4441 illa
1104 4383 1259 4452 defluebat,
1273 4372 1376 4462 Orator}
1403 4371 1404 4422 l

267 4476 403 4528 paussam
417 4463 515 4524 disere
531 4465 612 4525 licuit
627 4485 635 4532 r
670 4461 742 4541 citu
762 4463 834 4538 reru
848 4485 898 4548 ras
911 4478 990 4549 esset
1016 4481 1154 4547 vaenum,
1170 4460 1379 4542 etiamoutioll

284 4533 336 4634 tn
350 4537 416 4616 tris
427 4542 576 4624 terrenus
591 4544 654 4625 lah,
