2854 5016
272 363 310 434 ae
652 361 938 440 nsonarcn's‘

271 521 358 614 (sive
368 519 428 592 ille
443 519 601 602 irridens,
617 520 686 596 sive
702 519 801 618 qubd
812 523 860 594 ita
876 529 1014 620 putaret
1033 530 1139 620 atque
1155 521 1204 598 ita
1224 523 1334 598 audis'·

269 621 341 711 set)
357 641 413 694 me
429 617 539 694 inille
552 643 708 702 numero,
724 621 784 720 qui
798 621 937 694 illancn
947 619 1151 704 didicissem,
1167 631 1336 696 ettamen

272 720 330 809 (ut
345 717 417 815 ipse
428 717 577 810 dicebat)
594 743 732 816 possem
746 717 874 814 aliquid
891 717 929 788 in
954 716 1105 792 dicendo
1121 721 1335 815 proferebat:

269 840 420 914 quorum
441 814 490 890 illi
504 816 654 890 alterum
665 815 765 890 facile
781 811 1002 896 assentiebar,
1017 813 1105 888 nihil
1128 840 1187 890 me
1202 817 1338 894 uiuida

268 939 329 988 se:
355 915 392 988 in
402 915 635 990 altercantem
650 937 707 990 me
724 913 823 990 illudi
835 915 880 988 ab
893 937 949 993 ec,
964 911 1140 986 autetiam
1156 915 1271 1011 ipsum
1282 941 1337 988 er-

267 1035 342 1086 rare
356 1014 552 1091 arbitrabar·
602 1013 727 1088 Artem
752 1010 835 1088 verb
865 1011 1105 1126 negabatessc
1121 1011 1239 1096 uliam,
1255 1015 1349 1096 nisi
1381 1033 1386 1037 ·

268 1133 351 1208 quae
368 1112 516 1209 cognitis
531 1111 741 1210 penitusque
758 1121 955 1210 perspectis,
966 1120 1007 1183 et
1021 1130 1059 1182 m
1072 1131 1182 1184 unum
1192 1111 1340 1186 *exitum

267 1210 515 1306 spectantibus,
531 1219 567 1285 et
581 1231 774 1306 numquam
795 1208 995 1286 fallentibus
1014 1207 1116 1284 rebus
1140 1209 1341 1284 continere·
1407 1257 1408 1308 t

267 1313 346 1380 tur:
370 1307 450 1380 haeo
464 1317 583 1382 autem
595 1307 722 1390 omnia,
738 1331 820 1404 quoe
836 1313 1066 1382 tractarentur
1078 1308 1338 1392 aboratoribus,

267 1403 372 1492 dubia
386 1429 464 1480 esse
480 1416 517 1481 et
525 1407 681 1492 incerta3
706 1407 789 1481 cinn
810 1416 846 1480 et
862 1407 1059 1482 dicerentur
1076 1405 1195 1486 abiis,
1218 1405 1341 1502 quiea
1407 1429 1408 1496 3

267 1503 385 1578 omnia
401 1503 474 1578 non
488 1505 590 1610 plani
609 1515 785 1588 tenerent,
796 1518 835 1580 et
851 1505 1059 1582 audirentur
1074 1504 1116 1578 ab
1139 1503 1192 1588 iis,
1205 1503 1336 1601 quibus

266 1623 343 1678 non
364 1605 509 1678 scientia
535 1614 629 1703 esset
657 1605 835 1688 tradenda,
849 1606 915 1680 sed
941 1603 1060 1704 exigui
1086 1603 1254 1702 temporis
1265 1612 1341 1678 aut
1407 1629 1408 1700 t

266 1699 535 1778 falsesutcertt
557 1704 704 1780 obscura
720 1703 848 1803 opinio.
898 1703 1001 1786 Qttid
1016 1699 1152 1776 multa?
1175 1702 1227 1776 sio
1252 1701 1340 1776 mibi
1407 1703 1408 1726 ¹

268 1807 345 1872 tum
360 1803 563 1898 persuadere
581 1802 770 1884 videbatur,
785 1827 902 1900 neque
925 1801 1107 1878 artificium
1133 1800 1344 1875 ullumesse

266 1895 418 1974 dicendi,
435 1925 460 1967 11
509 1926 553 1971 ue
581 1927 791 1992 quemquam
819 1925 931 1997 posse,
956 1901 1023 1974 nisi
1050 1899 1110 1994 qui
1134 1899 1200 1980 ills,
1216 1900 1341 1996 quaea

266 1926 690 2065 decemmiibomintbus
714 1993 751 2062 in
769 1996 984 2086 phriosopbie
1011 1995 1227 2069 dicerentur,
1259 2017 1342 2090 cog-

265 2095 467 2166 nossetaut
480 2087 604 2160 callide
618 2095 679 2159 aut
693 2087 837 2182 copiose
855 2085 981 2158 dicere.
1035 2083 1209 2166 ³Quibns
1222 2087 1344 2162 dicere

266 2183 636 2268 Charmadassolebat,
653 2183 836 2283 ingenium
860 2192 973 2263 tuum,
997 2181 1134 2264 Crasse,
1150 2183 1342 2260 vehemen-

266 2290 325 2356 tur
341 2282 523 2366 admirans,
540 2309 596 2356 me
612 2283 677 2358 sibi
690 2283 886 2381 perfacilem
898 2280 1133 2365 inaudiendO,
1145 2291 1341 2384 teperpug-

267 2405 390 2454 necem
406 2383 444 2456 in
457 2381 670 2478 disputando
681 2405 758 2454 esse
774 2382 898 2454 visum.
1208 2431 1210 2438 ,

316 2479 412 2553 XXI.
440 2479 608 2578 Tumque
630 2503 707 2576 ego,
729 2479 795 2554 hac
819 2480 940 2554 eadem
965 2481 1132 2579 opinione
1149 2481 1336 2564 adductus,

267 2575 386 2676 scripsi
404 2576 507 2650 etiam
523 2577 772 2676 illudquodem
784 2577 822 2654 in
834 2579 964 2661 libello,
989 2580 1050 2677 qui
1073 2578 1336 2678 meimpruden·

267 2684 304 2748 te
320 2685 357 2748 et
367 2674 478 2748 invito
492 2677 623 2751 excidit
639 2684 675 2750 et
685 2677 844 2774 pervenit
856 2677 894 2750 in
915 2703 1043 2752 manus
1070 2677 1265 2760 homiuum,
1283 2677 1336 2750 di-

266 2783 370 2850 tertos
386 2799 443 2848 me
460 2801 630 2875 cognosse
648 2775 856 2857 nonnullos,
871 2777 1078 2872 eloqrtentem
1094 2777 1211 2850 adhuc
1227 2777 1335 2850 nemi·

267 2877 370 2946 nemi
390 2873 494 2970 ,qubd
517 2901 598 2948 eum
625 2875 818 2948 statuebam
847 2873 1029 2956 disertum,
1052 2876 1114 2970 qui
1130 2876 1238 2972 possit
1255 2873 1335 2948 setis

266 2973 368 3044 acute
387 2983 491 3074 atque
515 2973 665 3050 dilucide
683 2973 775 3070 apud
791 2973 985 3048 mediocres
1000 2973 1161 3046 homines
1181 2997 1225 3046 ex
1240 2995 1336 3046 eom·

266 3068 365 3145 muni
383 3071 530 3168 quadam
561 3071 741 3149 homin-um
758 3072 922 3170 opinione
947 3071 1062 3146 dicere
1074 3101 1084 3158 ;
1108 3071 1338 3166 eloquentem

266 3165 363 3247 verb,
381 3170 442 3264 qui
458 3171 690 3248 mirabiliores
706 3169 988 3267 magnificentius
1003 3194 1128 3268 augere
1146 3177 1265 3268 posset
1286 3178 1336 3242 at-

266 3287 336 3359 que
348 3289 480 3347 ornere,
497 3293 578 3362 quae
588 3270 706 3350 vellet,
722 3293 919 3364 omnesque
931 3269 1090 3348 omnium
1105 3292 1235 3348 rerum,
1250 3291 1334 3362 quae

267 3361 514 3438 addicendum
531 3367 759 3476 pertinerent,
772 3369 887 3440 fontes
898 3367 1014 3445 animo
1025 3393 1065 3440 ac
1076 3364 1243 3442 memoria
1250 3389 1333 3440 oon·

268 3461 408 3534 tineret.
459 3463 502 3535 Id
517 3487 545 3533 si
555 3476 609 3534 est
623 3462 761 3534 difficile
774 3464 884 3544 nobis,
897 3467 971 3560 qui,
984 3477 1077 3542 ante,
1089 3465 1195 3558 quem
1211 3461 1255 3532 ad
1267 3464 1333 3537 dis-

267 3561 421 3633 cendum
449 3559 595 3656 ingressi
612 3582 744 3638 sumus,
769 3560 945 3636 obruimur
972 3560 1166 3634 ambitione
1190 3569 1227 3632 et
1247 3557 1333 3644 foro,

267 3657 313 3728 sit
330 3658 496 3732 tamenin
513 3682 549 3730 re
562 3656 715 3756 positum
725 3666 828 3756 atque
846 3670 990 3732 natura:
1016 3657 1205 3756 egoenim,
1222 3680 1332 3754 quan·

266 3831 428 3970 ffitorum
442 3835 514 3892 Bcd.
529 3845 560 3894 et
572 3831 658 3896 Nori.
667 3819 780 3897 necnon
794 3833 958 3895 editionum
968 3831 1113 3906 Lambini,
1126 3835 1203 3896 Ven.
1219 3847 1249 3895 et
1263 3839 1342 3900 Me·
1407 3869 1408 3932 p

326 3931 398 3972 anae.
1407 3935 1408 3984 t

307 3999 324 4049 3
342 3997 448 4066 Quidue
456 3993 554 4052 dicere
567 3997 747 4054 Charmadas
760 3999 875 4066 solebat,
883 3994 958 4076 eto]
970 3997 1029 4056 Pro
1037 3998 1156 4075 vulgato
1173 4000 1330 4055 Carneades
1407 4015 1408 4036 r

137 4117 150 4128 .
266 4086 377 4148 repono
394 4073 743 4136 Charmadesauctoritate
757 4075 915 4136 MStorum
931 4079 1002 4136 Bod.
1024 4077 1107 4137 Harl.
1136 4086 1158 4134 l.
1172 4091 1202 4136 et
1215 4077 1330 4136 Joenet
1407 4125 1408 4144 ,

266 4153 303 4210 ob
316 4153 441 4212 rationes
452 4155 487 4215 ad
501 4159 527 4212 t.
547 4162 588 4211 11.
603 4168 786 4215 memoratas.
828 4153 921 4215 Porrb
935 4155 1005 4216 etim
1016 4170 1106 4217 voces
1118 4160 1330 4230 Quibuscum
1407 4187 1408 4246 p

267 4246 412 4308 suspectae
429 4233 494 4312 sint,
507 4235 666 4294 Lambinus
677 4235 845 4316 conjectura
855 4237 1035 4297 Hotomenni
1046 4239 1128 4314 legit,
1143 4237 1329 4310 Qtridusadji·
1407 4251 1408 4294 t

267 4331 339 4382 cere,
351 4325 406 4372 etc.
420 4332 473 4389 pro
484 4334 543 4390 quo
553 4313 627 4376 forte
642 4317 801 4392 legendum
813 4327 858 4375 ost
876 4319 982 4389 Quidam
996 4321 1155 4394 subjicere:
1176 4315 1244 4388 Sed,
1258 4334 1328 4374 curn
1407 4299 1408 4374 i

266 4393 367 4452 sileant
382 4393 474 4465 MSti,
485 4395 595 4456 Lector
609 4415 664 4458 suo
673 4397 787 4456 ineatur
798 4395 921 4478 judicio.
1325 4399 1330 4413 '
1407 4395 1408 4416 ¹
