2830 5014
231 395 293 447 aro
642 384 714 451 DE
733 388 946 452 ORATORE·

228 535 425 622 *hedrarn2
446 529 665 620 venisse,'in
688 532 756 636 qua
779 541 924 612 Crassus
953 539 1083 613 lectulo
1112 534 1225 634 posito
1250 551 1344 607 recte

226 630 389 718 =buisset;
414 636 564 734 cumque
590 639 722 712 eumin
738 639 949 734 cogitatione
966 638 1118 710 defixum
1135 659 1211 707 esse
1228 632 1345 703 sensis-

236 740 302 811 set,
321 734 436 820 statim
452 735 643 817 recessisse,
658 749 763 832 atque
780 737 817 808 in
834 759 877 823 eo
888 735 1032 806 ‘silentio
1055 735 1142 806 duas
1164 733 1264 804 horas
1278 731 1345 804 fere

226 853 314 901 esse
331 843 540 907 consumtas.
598 833 737 905 Deinde
759 833 839 908 crim
863 856 998 915 omnes,
1015 833 1193 903 inclinato
1211 831 1282 927 jam
1314 827 1347 897 in

237 926 536 1021 ³pomeridianum
550 941 622 1004 tem
647 957 689 1004 us
706 929 772 1013 die,
800 931 977 1004 venissent
993 929 1036 1001 ad
1058 929 1235 1009 Crassum,
1253 923 1348 1005 Quid

235 1040 301 1105 est,
316 1026 449 1108 Crasse,
460 1029 572 1126 inquit
583 959 706 1112 Julius,
724 1030 859 1105 imusne
873 1027 1030 1102 sessum?
1055 1027 1118 1100 etsi
1130 1021 1348 1112 admonitum

235 1124 395 1196 venimus
411 1137 456 1204 te,
474 1151 549 1198 non
565 1128 766 1222 flagitatum.
816 1129 914 1202 Tum
935 1126 1093 1207 Crassus,
1122 1123 1180 1196 An
1203 1141 1260 1194 m'e
1282 1130 1349 1192 tarn

229 1221 473 1317 impudentem
487 1243 562 1294 esse
575 1226 789 1304 existimatis,
812 1236 851 1297 ut
865 1226 960 1297 uobis
982 1225 1048 1297 hoc
1061 1220 1254 1322 praesertim
1280 1241 1350 1289 mu·

235 1343 305 1392 nus
320 1319 466 1416 ⁴putem
488 1320 618 1392 diutius
640 1343 742 1416 posse
754 1321 905 1391 debere?
930 1323 1086 1404 Quinam
1103 1321 1217 1416 igitur,
1240 1314 1352 1412 inquit

236 1415 439 1497 ille,locus?
464 1443 509 1489 an
524 1416 561 1489 in
578 1418 691 1490 media
706 1417 788 1489 silva
815 1415 951 1529 placet?
976 1428 1028 1488 est
1046 1419 1141 1490 enirn
1157 1418 1185 1488 is
1203 1412 1351 1488 maxime

237 1525 274 1588 et
290 1536 417 1612 opacus
433 1525 468 1586 et
482 1515 646 1611 frigidus.¹
686 1515 790 1598 Sane,
815 1514 932 1612 mquit
953 1515 1117 1586 Crassus:
1156 1513 1287 1584 etenim
1305 1517 1355 1583 est

228 1613 273 1685 in
297 1637 339 1684 eo
356 1613 432 1684 loco
449 1616 550 1684 sedes
576 1614 656 1686 huic
673 1623 794 1685 nostro
826 1636 899 1686 non
933 1614 1167 1710 inopportuna
1192 1607 1356 1682 sermoni.

237 1711 330 1784 Cum
348 1711 529 1808 placuisset
543 1712 635 1785 idern
648 1711 796 1792 caeteris,
813 1712 851 1800 in
864 1712 982 1782 silvam
999 1711 1139 1783 venitur
1150 1718 1193 1780 et
1204 1707 1250 1798 ibi
1264 1729 1357 1802 mag·

228 1813 284 1882 ‘na
300 1835 379 1882 cum
391 1809 554 1882 audiendi
568 1811 827 1908 exspectatione
839 1807 1038 1882 confiditur.
1088 1809 1187 1878 Turn
1203 1805 1356 1898 Crassus,

237 1908 329 1979 Cum
345 1909 529 1980 auctoritas
545 1901 651 2004 atque
667 1907 815 1980 amicitia
832 1917 957 1986 vestra,
983 1917 1060 1977 tum
1076 1901 1226 1976 Antonii
1254 1899 1355 1974 facili

228 2011 291 2072 'tas
303 2005 439 2098 eripuit,
452 2004 576 2097 iuquit,
606 2005 688 2075 mihi
706 2005 743 2074 in
760 2005 889 2100 'optima
918 2029 995 2075 mea
1027 2027 1147 2074 caussa
1169 1999 1356 2072 libertatem

239 2099 439 2173 recusandi:
465 2109 673 2196 quamquam
702 2100 939 2196 impartienda
968 2100 1205 2196 disputatione
1231 2104 1354 2177 nostra,

239 2198 321 2272 clun
339 2199 401 2270 sibi
418 2199 465 2270 de
492 2197 544 2280 iis,
563 2207 644 2292 quae
668 2199 736 2272 dici
763 2201 806 2271 ab
831 2207 963 2270 oratore
983 2207 1174 2294 oporteret,
1196 2204 1354 2294 sumeret,

238 2297 322 2371 mihi
338 2308 458 2380 autern
475 2297 699 2396 relinqueret,
716 2306 756 2368 ut
767 2296 990 2394 explicarem,
1008 2294 1299 2392 quemadmodum
1311 2291 1355 2364 illi

236 2395 352 2465 'ornari
382 2404 563 2486 oporteret,
591 2420 632 2464 ea
658 2393 782 2473 divisit,
805 2417 890 2487 quae
917 2393 1076 2488 sejuncta
1101 2413 1179 2466 esse
1197 2416 1265 2465 non
1282 2413 1356 2488 pos·

234 2498 341 2560 sunt:
368 2503 460 2566 narn,
479 2489 559 2578 cum
578 2490 692 2560 omnis
716 2511 759 2560 ex
776 2515 814 2562 re
830 2499 938 2585 atque
961 2491 1071 2586 verbis
1088 2488 1356 2568 constaturatiu,

156 2645 159 2652 .
228 2589 359 2680 'neque
376 2586 477 2655 verba
502 2585 622 2674 sedem
639 2585 760 2658 habere
775 2596 947 2684 possunt,
962 2588 1003 2659 'si
1031 2613 1104 2664 rem
1131 2587 1338 2662 subtraxeris
1349 2613 1357 2670 ;

241 2707 357 2777 neque
375 2706 430 2752 res
446 2682 579 2763 lumen,
604 2683 631 2753 si
652 2685 755 2761 uerba
778 2683 977 2784 semoveris.
1026 2685 1082 2760 Ac
1108 2685 1191 2760 mihi
1217 2685 1356 2784 quidem

239 2788 375 2852 veteres
391 2779 450 2860 illi,
476 2779 581 2875 majus
596 2781 771 2877 'quiddam
794 2781 911 2854 animo
926 2785 1126 2880 complexi,
1154 2785 1268 2858 multo
1284 2785 1358 2881 plus

231 2879 345 2951 'etiarn
363 2877 486 2950 vidisse
505 2879 679 2960 videntur,
694 2883 800 2976 quam
828 2889 996 2976 quantum
1013 2893 1212 2952 nostrorum
1231 2881 1358 2979 ingeni·

232 2997 341 3050 'orum
359 2975 448 3049 acies
467 2975 593 3048 intueri
611 2986 753 3072 potest3
780 2979 838 3073 qui
856 2977 971 3060 omnia
986 2977 1076 3058 haec,
1104 3002 1185 3074 quae
1204 2988 1358 3075 supraet

243 3076 371 3164 subter,
389 3098 502 3162 unum
517 3099 605 3156 esse,
623 3084 658 3146 et
674 3100 744 3147 una
759 3078 790 3148 vi
804 3087 909 3172 atque
933 3099 1002 3146 una
1017 3075 1247 3148 consensione
1262 3088 1358 3152 natu·

156 3174 160 3197 ⁸
244 3196 294 3247 rae
326 3170 518 3248 constricta
547 3197 624 3248 esse
652 3173 841 3251 dixerunt:
879 3173 1014 3249 nullum
1039 3185 1096 3248 est
1124 3171 1234 3248 enim
1251 3197 1358 3272 genus

235 3441 241 3446 .
285 3373 426 3450 2Vulgd‚
440 3379 576 3451 venierat,
591 3361 664 3455 etc]
686 3369 755 3436 Vct.
777 3374 839 3436 fere
853 3392 958 3436 omnes
978 3373 1118 3440 editiones
1141 3375 1249 3432 habent
1263 3373 1358 3433 edm-

236 3457 378 3530 ,venissen
406 3525 408 3530 ·
420 3450 568 3512 Gruterus
582 3455 652 3511 vero
668 3451 815 3536 volgatam
829 3451 891 3534 jam
901 3455 1056 3514 lectionem
1072 3453 1186 3530 primus
1199 3452 1229 3510 in
1243 3465 1359 3512 textum

244 3531 367 3606 recepit,
381 3549 512 3607 eumque
527 3545 645 3590 secutus
660 3548 705 3592 est
718 3535 896 3594 Gronovius.
938 3531 988 3592 Sic
1011 3553 1043 3592 se
1064 3535 1150 3592 habet
1163 3536 1289 3608 vulgatae
1307 3536 1361 3590 lec·

244 3609 332 3668 tionis
346 3611 540 3682 constructi03
562 3619 899 3672 aeae-tum—veiarnet.
940 3610 1024 3670 Ferri
1049 3612 1171 3688 quidem
1195 3623 1289 3688 potest
1305 3621 1359 3668 vet·

245 3688 312 3746 edit.
327 3691 434 3760 lectio;
455 3689 508 3748 sed
532 3690 699 3766 meliorem,
724 3705 757 3752 ut
778 3695 888 3769 opinor,
911 3691 996 3750 nobis
1014 3691 1154 3750 exhibent
1177 3689 1259 3749 MSri
1278 3691 1359 3748 Cant.

246 3765 330 3824 Norf.
345 3771 433 3861 Wag.
450 3771 511 3828 Bal.
528 3769 599 3830 nou.
615 3775 690 3830 Nov.
704 3773 786 3849 Mag.¹
802 3786 831 3831 et
845 3776 925 3834 Joan.
938 3770 1136 3846 editionesque
1151 3770 1229 3830 Ven.
1240 3770 1359 3828 Medici.

247 3857 276 3902 et
290 3846 434 3938 l3ambinn
454 3863 513 3906 tam
533 3854 628 3908 dedita
643 3855 739 3922 ojrera,
753 3854 961 3926 quiescentibus
979 3853 1055 3920 aliia,
1069 3851 1099 3906 in
1123 3865 1185 3909 eam
1206 3855 1359 3910 exhedram

245 3943 369 3985 venisse.
849 3939 852 3944 '
1228 3940 1231 3948 ’
1374 3981 1377 3990 2

235 4007 239 4012 ’
287 4013 303 4064 3
318 4003 554 4082 pomeridianum
569 4023 682 4082 temptas
698 4007 769 4090 dia]
790 4011 834 4069 Ita
853 4010 940 4079 edidi,
960 4018 1080 4068 secutus
1094 4009 1237 4070 editiones
1250 4019 1360 4069 veteres

236 4089 423 4165 ¹plerasque3
445 4090 594 4166 praecipu&
609 4089 678 4150 veri>
692 4089 846 4150 Ciceronis
860 4089 954 4163 ipsius
969 4089 1139 4149 auctoritate
1153 4092 1265 4161 doctus,
1278 4087 1362 4166 quiin

237 4169 329 4226 'Orat
346 4168 388 4226 sic
402 4169 471 4228 dicit
481 4189 506 4226 c.
521 4171 567 4226 47.
609 4175 800 4240 Imsrerrutum
814 4169 886 4228 eard
902 4174 1113 4238 consuetudine,
1127 4164 1290 4240 urjierrare
1301 4188 1362 4224 auu·

246 4248 348 4302 vitaris
363 4267 463 4304 cauam
477 4255 600 4306 lta-erere
619 4265 647 4305 er
662 4247 874 4325 pomeridianas
888 4253 1055 4322 quadrigae,
1069 4249 1152 4321 qadm
1162 4252 1363 4320 postmeridia-

237 4327 310 4388 nas,
321 4323 447 4386 tinentiis
461 4331 591 4385 dixerim·
632 4327 746 4404 Vulgo,
754 4334 1016 4398 postmeridianam.
1331 4357 1335 4362 ·

289 4411 306 4456 4
313 4411 415 4470 parem
427 4405 535 4464 diarius
548 4417 634 4476 prosae
648 4411 755 4466 debere
766 4405 794 4485 ἰ]
806 4413 877 4466 Asc,
892 4412 965 4488 legit
980 4412 1082 4466 deberi.
1124 4403 1219 4485 Recte
1232 4409 1364 4487 quidem,

248 4491 280 4536 ut
293 4481 411 4554 opinor;
433 4485 515 4543 aliter
529 4487 607 4543 enim
622 4507 678 4544 vox
692 4509 735 4544 me
751 4487 838 4546 inseri
848 4492 943 4548 debet.
985 4487 1098 4548 Similis
1111 4501 1213 4548 autern
1227 4503 1274 4551 est
1287 4491 1364 4548 locu·

249 4557 332 4619 ticin
347 4563 438 4620 Tusa.
454 4565 541 4640 Disp.
555 4563 583 4624 ii.
600 4571 645 4625 26.
685 4567 843 4630 atritione
856 4573 942 4629 uideo
957 4587 1013 4628 noa
1021 4579 1109 4642 poure
1119 4568 1228 4630 deberi.
