2830 5014
400 391 403 417 ·
522 367 650 437 LIBER
667 369 710 432 11.
730 375 776 432 et.
1163 375 1217 436 roe

144 520 264 600 LXII.
287 515 451 626 'Quare'⁴
473 517 624 615 primum
645 519 760 618 genus
788 518 867 600 hoo,
882 517 885 524 ’
898 519 995 616 quod
1013 517 1131 592 'risum
1162 523 1216 596 vel

94 624 252 698 maxime
264 627 473 699 movet,non
482 629 539 690 est
551 628 721 700 nostrum,
731 639 919 698 morosum,
930 617 1218 716 superstitiosum,

93 721 338 820 suspiciosum,
365 715 565 814 gloriosum,
583 717 731 790 stultum
751 719 907 809 (naturae
920 716 1077 790 ridentur
1089 717 1218 815 ipsae);

93 813 186 916 quas
213 839 372 917 personas
399 813 527 911 agitare
555 816 719 895 solemus,
735 839 807 887 non
825 814 1008 889 sustinere.
1057 813 1218 891 Alterum
1323 853 1325 858 v

5 943 7 986 z
94 941 212 1014 genus
220 925 276 989 est·
284 912 478 988 imitatione
486 913 674 987 admodum
685 910 879 992 ridiculum,
889 914 954 986 sed
965 912 1068 988 nobis
1078 912 1219 990 ustum

5 1081 7 1088 .
94 1015 179 1088 lieet
194 1010 329 1094 furtim,
357 1011 558 1108 siquando,
586 1020 624 1085 et
640 1011 785 1084 cursim:
810 1011 937 1084 taliter
954 1011 1217 1086 enimminirne

91 1122 150 1185 est
173 1112 323 1185 liberale.
376 1111 552 1192 Turtiurn,
578 1110 647 1182 oris
663 1107 868 1207 depravatio,
884 1133 959 1182 non
986 1110 1092 1206 digna
1106 1111 1219 1184 nobis.

9 1213 15 1224 ’
89 1212 292 1294 Quartum,
308 1209 535 1290 obscoenitas,
548 1232 623 1281 non
636 1206 750 1280 solum
775 1207 936 1280 nonforo
951 1207 1067 1306 digna,
1084 1208 1146 1281 sed
1162 1207 1219 1284 vix

93 1307 256 1382 convitio
265 1305 462 1380 liberorum.
510 1303 685 1379 Detractis
697 1304 803 1404 igitur
820 1313 874 1377 tot
889 1308 991 1380 rebus
1003 1331 1047 1380 ex
1063 1306 1218 1382 bocora-

9 1455 14 1464 ·
90 1407 190 1479 torio
204 1406 448 1488 roco-facetae
476 1405 623 1501 reliquae
639 1412 739 1482 sunt,
768 1425 850 1500 quae
866 1405 979 1478 autin
1002 1429 1049 1486 re,
1077 1416 1119 1478 ut
1134 1415 1218 1480 ante

11 1537 14 1579 :
93 1503 203 1588 (linei,
220 1505 527 1602 positaenidentur
540 1527 630 1582 esse,
643 1511 708 1574 aut
723 1501 761 1574 in
773 1501 876 1573 verbo
890 1529 900 1588 ;
925 1525 1005 1576 nam
1020 1502 1129 1600 quod,
1146 1503 1218 1602 qui-

5 1639 15 1678 t
91 1605 313 1700 bustumque
330 1603 440 1677 verbis
456 1601 595 1683 dixeris,
612 1600 764 1674 facetum
781 1608 900 1692 umen
916 1609 979 1682 est,
1006 1601 1044 1674 re
1056 1602 1217 1676 'eontine-

5 1745 16 1756 ·
90 1711 169 1775 tur:
195 1701 292 1799 quod
306 1700 449 1776 mutatis
463 1700 575 1772 verbis
591 1700 699 1772 salem
711 1696 861 1777 amittet,
876 1698 915 1771 in
925 1697 1037 1771 verbis
1055 1698 1158 1773 habet
1172 1700 1220 1776 le·

5 1837 16 1854 ¹·
91 1823 215 1897 potem
232 1821 383 1872 omnem.
432 1797 605 1894 Ambigua
627 1797 768 1868 suntin
788 1795 907 1893 primis
922 1805 1031 1878 acum,
1056 1809 1163 1895 atque
1179 1798 1219 1872 in

8 1917 9 1920 ’
96 1897 205 1969 verbo
220 1893 342 1994 posits,
366 1919 439 1970 uon
461 1897 501 1968 in
516 1896 572 1968 re:
608 1895 672 1968 sed
699 1919 777 1970 non
802 1915 899 1990 saepe
924 1919 1090 1992 magnum
1113 1896 1220 1970 risum

8 2051 13 2079 ,
94 2004 265 2082 movent3
289 1994 397 2091 magis
414 2003 456 2066 ut
471 1993 559 2066 nette
576 2001 613 2067 et
628 1992 768 2066 literati
795 1991 893 2066 diota
909 1993 1092 2068 laudantur
1109 2023 1119 2082 3
1152 1995 1222 2067 ⁶ut·

7 2125 10 2168 :
91 2090 131 2166 in
147 2092 250 2166 illurn
277 2091 426 2174 Titium,
443 2093 505 2188 qui
520 2091 604 2192 oum
626 2090 781 2166 studiosi:
799 2090 867 2188 pila
889 2091 1037 2174 luderet,
1062 2103 1097 2164 et
1124 2092 1219 2166 idem

5 2198 8 2207 '
93 2191 200 2288 signa
223 2204 318 2263 saon
331 2201 443 2264 noctu
453 2191 615 2288 'frangere
631 2197 827 2286 putaretur,
852 2190 1088 2286 gregalesque,
1103 2188 1220 2290 ⁷ci1rn

92 2289 133 2364 in
148 2311 310 2387 campum
338 2311 414 2362 non
434 2288 600 2371 venisset,
618 2287 847 2384 requirerent,
889 2287 906 2338 ⁸
930 2286 1107 2370 excusavit
1131 2287 1218 2361 Ves-

131 2494 153 2546 t
160 2492 397 2561 prtmamgenue
416 2495 478 2560 roc,
491 2484 566 2568 eto]
583 2485 719 2560 Quatuor
728 2485 782 2564 ¹hie
796 2499 1015 2560 enumerantur,
1027 2507 1097 2570 quae
1121 2488 1219 2552 risum

91 2571 291 2637 mosenused
304 2569 487 2628 oratorinon
499 2571 709 2628 conceduntur.
750 2567 889 2630 Primum
902 2589 997 2648 genus
1010 2586 1040 2632 et
1053 2573 1220 2632 secundum

89 2649 279 2722 -Interpretes
289 2647 353 2706 fere
367 2665 472 2706 omnes
486 2648 686 2719 redeundum,
705 2650 762 2708 sed
774 2647 901 2728 hujusne
914 2650 972 2708 loci
989 2654 1077 2711 verba
1090 2651 1132 2709 sic
1145 2649 1218 2712 licet

6 2768 7 2779 ,
92 2724 255 2800 explicare.
296 2724 400 2786 Primo
415 2725 523 2803 (inquit
535 2726 662 2805 Caesar),
674 2746 733 2787 non
743 2726 814 2788 licet
823 2725 906 2806 nobis
915 2737 1017 2786 natura
1026 2741 1073 2786 est
1081 2727 1218 2801 morosis,

6 2850 7 2860 ,
90 2803 317 2881 superstitiosis,
330 2803 475 2882 gloriosis,
488 2816 545 2864 etc.
560 2807 627 2866 haec
636 2807 718 2867 enim
733 2806 824 2866 animi
842 2803 912 2866 vitia
924 2805 1062 2874 efficiunt,
1076 2818 1109 2866 ut
1121 2817 1218 2866 orator

6 2929 8 2938 ,
90 2903 150 2944 non
163 2883 268 2958 usum,
282 2903 373 2963 quern
386 2883 502 2962 quaerit,
516 2897 646 2962 maereat,
659 2889 714 2948 sed
725 2898 759 2947 ut
780 2885 845 2962 ipse
864 2883 1004 2944 ridendus
1016 2883 1073 2943 sits
1103 2903 1161 2943 non
1174 2889 1218 2946 ard

7 2998 11 3034 ,
89 2963 265 3046 hujusoiodi
278 2963 409 3036 arauris,
423 2965 475 3023 sed
488 2967 735 3026 naturandeturz
756 2969 809 3024 has
827 2963 947 3026 vitiosas
959 2982 1097 3041 personas
1119 2975 1218 3025 orator

7 3088 11 3101 .
89 3060 150 3103 non
162 3044 296 3114 sustinet,
314 3046 368 3104 sed
389 3062 437 3102 ars
449 3041 515 3102 aliis
527 3042 701 3104 deridendus
714 3047 835 3122 praebet
877 3043 1024 3115 Secundo,
1047 3061 1104 3102 non
1117 3040 1217 3104 soldni

90 3139 152 3181 non
163 3124 236 3184 licet
245 3123 355 3183 oratori
365 3135 436 3183 esse
450 3141 578 3195 moroso,
588 3135 645 3184 ete.
659 3127 712 3184 sed
721 3143 759 3185 ne
768 3123 862 3183 nimia
870 3122 1035 3182 imitatione
1044 3122 1216 3198 exprimere

91 3199 213 3261 vitiosas
234 3200 304 3262 istas
317 3219 478 3279 personans
498 3202 570 3262 ferri
593 3203 715 3282 quidem
736 3215 838 3278 potest.
845 3199 978 3270 imitatio,
993 3199 1019 3260 si
1031 3199 1161 3261 breviter
1172 3202 1217 3262 in·

89 3279 175 3360 jecta
187 3280 234 3350 sit,
248 3281 481 3361 sinon-quaein,
491 3283 545 3341 sed
555 3301 595 3343 ex
609 3301 642 3344 re
655 3295 720 3342 nata
729 3283 883 3351 videntum
903 3280 988 3342 aliter
1001 3291 1113 3354 nonest
1121 3283 1217 3344 laomi-

90 3359 141 3418 nis
148 3357 271 3438 ingenui
285 3373 314 3420 st
326 3361 464 3421 liberalis.
1025 3425 1028 3431 ,
1162 3390 1166 3406 =

133 3447 151 3496 5
167 3435 281 3516 Vulgo,
294 3444 415 3499 alterum
425 3441 536 3502 mam?
555 3455 597 3501 eat
615 3443 763 3523 liberata]
780 3446 998 3504 Praecesserant
1011 3444 1070 3503 duo
1083 3458 1215 3518 gonessa

89 3517 228 3598 sequitur
240 3529 344 3578 autem
366 3520 506 3582 tertium:
525 3541 584 3581 non
606 3522 701 3601 igitur
722 3543 833 3584 novum
847 3542 945 3602 genus
958 3522 1009 3583 hic
1031 3519 1213 3598 designatur.

90 3597 282 3678 Quapropter
293 3598 388 3680 limus
405 3600 436 3660 in
448 3601 623 3663 sententiam
638 3604 765 3664 Manutii
779 3617 905 3674 transeo,
928 3603 981 3680 qui
994 3602 1037 3662 sic
1051 3604 1216 3678 legendum

87 3677 489 3756 manuteneatur-enim
511 3679 627 3739 minim?
651 3699 694 3758 eat
714 3685 841 3742 uberate.¹
876 3681 944 3740 lmb
958 3680 1065 3740 indicia
1077 3685 1215 3760 quaedam

87 3753 270 3816 Manutisnae
278 3757 413 3819 ¹lectionis
426 3760 629 3821 habentMSti
643 3764 725 3840 Mag.
735 3775 766 3824 et
775 3765 807 3823 N
807 3781 853 3822 or.
868 3759 923 3837 qui·
933 3759 1076 3840 exhibent
1086 3761 1213 3822 alterans

88 3838 169 3909 etaim
189 3835 375 3907 mr’rrtmimtc.
396 3840 586 3900 senensestr
606 3836 738 3901 Concedi
759 3853 866 3918 potest,
885 3851 918 3899 ut
942 3854 1039 3902 orator
1051 3841 1214 3902 imitatione

86 3913 187 3973 risum
197 3925 309 3990 captet3
329 3921 382 3978 sed
394 3918 450 3978 istu
461 3918 587 3979 imitatio
599 3919 702 3980 furtim
716 3935 747 3982 et
759 3917 881 3990 cursim,
894 3937 952 3980 uon
964 3921 1074 3984 diutilrs
1088 3917 1213 3980 etnimia

85 3994 232 4070 captanda
244 4007 299 4064 est,
311 4015 349 4056 ne
359 3998 513 4062 illiberalis
527 4010 557 4058 et
569 3998 689 4059 inimica
699 4001 839 4059 videatur.
884 4035 886 4040 .
914 4037 918 4046 ·

128 4081 146 4130 6
162 4085 195 4129 ut
206 4077 237 4130 in
244 4079 322 4132 illum
340 4077 474 4159 litium]
494 4077 696 4156 subintellige,
709 4082 745 4134 id
758 4084 835 4150 quod
848 4084 1033 4154 dictumsus't.

126 4158 144 4211 7
159 4151 221 4213 cnm
229 4157 262 4209 in
271 4167 404 4228 cenetam
424 4177 482 4216 nun
495 4161 632 4228 venarer,
645 4155 852 4240 requirentia]
874 4159 989 4238 Vulgo,
1008 4177 1070 4214 eum
1092 4157 1122 4211 in
1137 4173 1210 4212 ram·

82 4239 156 4300 trum
168 4253 228 4290 non
236 4237 354 4294 sertim
368 4239 566 4310 requirerent,
585 4239 669 4300 nullo
679 4255 736 4298 nec
746 4257 844 4312 sensu,
857 4259 913 4300 nec
920 4236 1082 4297 Latinitate.
1104 4236 1212 4295 Manu·

86 4309 147 4369 tius
160 4313 393 4377 etniccononus
405 4319 584 4388 maluerunt,
597 4337 652 4376 cur.
661 4321 692 4373 in
706 4328 837 4388 campum
849 4338 906 4378 non
919 4320 1056 4383 acueret,
1069 4325 1124 4374 etc.
1144 4315 1211 4394 Ego

86 4389 162 4532 {derb
174 4390 204 4450 in
211 4405 312 4530 illm
325 4413 435 4473 sequor
457 4396 617 4458 rotumam
642 4398 771 4457 Ascensi
792 4393 1095 4460 otMStorumCant.
1110 4395 1210 4456 Mead.

147 4483 202 4530 .et
256 4493 306 4550 ag.
1212 4517 1218 4530 .

127 4555 314 4638 texetuavit
328 4555 424 4643 ¹{fratrs
438 4556 603 4644 Terentius,
618 4555 692 4634 quta
705 4579 768 4622 nun
778 4557 934 4645 tractuum,
944 4556 1021 4637 eto]
1043 4558 1104 4618 Vel
1116 4557 1209 4632 legas,
