2808 5020
268 411 320 465 130
670 391 729 464 DE
748 403 951 464 ORATOR!

263 576 354 631 sums
368 559 404 622 et
417 574 462 624 ea
477 575 514 623 re
526 549 635 624 multa
650 552 820 633 attulisse,
833 551 1064 649 quamobrem,
1076 546 1263 646 posthumo
1273 574 1346 623 non
1382 563 1383 566 ’

261 660 357 729 nato,
373 649 516 723 Curium
534 660 653 724 tamen
672 651 834 722 heredem
851 649 1002 744 Coponii
1025 673 1100 721 esse
1118 659 1347 745 oporteret:-

262 747 360 820 Nihil
370 748 414 819 ad
424 743 563 846 copiam'
573 757 867 845 argumentorum,
890 770 1009 844 neque
1024 748 1067 818 ad
1085 769 1220 820 oaussae
1232 747 1299 820 vini
1311 771 1346 818 ao
1382 759 1383 826 s

263 857 419 920 naturam
435 845 749 944 nomenCoponii⁶
762 853 819 916 aut
841 843 937 916 Curii
951 843 1137 942 pertinuit:
1164 846 1202 917 in
1226 869 1346 942 genere

263 953 336 1016 erat
350 944 513 1017 universo
525 945 571 1017 rei
589 941 799 1040 negotique,
813 968 885 1014 non
908 941 1119 1038 intempore
1142 967 1182 1014 ac
1211 941 1348 1019 nomini·

262 1041 326 1114 bus
338 1041 452 1114 omnis
467 1041 628 1139 quoestio,
642 1041 723 1114 crim
736 1041 901 1139 scriptum
913 1039 961 1115 ita
972 1039 1027 1122 sit,
1038 1042 1069 1112 si
1085 1041 1349 1132 milzifilz'usge·
1382 1081 1383 1114 r

261 1143 355 1210 nitur
370 1162 471 1232 esque
482 1143 586 1234 prius
597 1141 749 1220 moritur,
774 1151 812 1210 et
824 1151 953 1213 csetera
964 1164 974 1221 ;
1000 1149 1070 1210 tam
1088 1136 1218 1209 arimini
1234 1129 1349 1210 aldem

262 1239 384 1308 ireres:
422 1236 456 1306 Si
473 1244 578 1306 natus
603 1237 696 1307 filius
724 1261 798 1308 non
828 1237 885 1316 sit,
911 1236 1112 1310 videaturne
1128 1236 1168 1317 is,
1197 1235 1254 1330 qui
1281 1233 1350 1307 filio
1382 1255 1383 1328 t

262 1343 400 1408 mortuo
413 1333 596 1406 institutus
616 1333 717 1404 heres
727 1332 782 1413 sit,
801 1333 900 1403 heres
913 1331 1011 1404 esse?
1382 1335 1383 1342 ’

272 1440 283 1460 “
311 1431 477 1504 XXXIII.
491 1430 655 1526 Perpetui
663 1427 748 1523 juris
759 1439 795 1518 et
808 1429 958 1502 universi
970 1430 1108 1526 generis
1119 1431 1273 1528 quaestio
1284 1457 1353 1504 non

262 1529 444 1604 hominum
458 1527 609 1610 nomina
621 1527 682 1598 sed
694 1527 864 1600 rationem
876 1527 1013 1600 dicendi
1023 1539 1062 1602 et
1071 1539 1354 1626 argumentorum

261 1629 380 1700 fontes
395 1626 576 1699 desiderat.
625 1625 669 1698 In
680 1649 752 1723 quo
767 1625 871 1699 etiam
886 1625 941 1698 isti
956 1649 1020 1699 nos
1033 1626 1270 1722 jurisconsulti
1297 1629 1356 1699 im·

262 1725 421 1822 pediunt,
434 1749 453 1795 a
464 1725 699 1820 discendoque
713 1724 911 1796 deterrent:
937 1723 1037 1796 video
1048 1725 1145 1796 enim
1163 1725 1200 1796 in
1211 1723 1359 1796 Catonis

263 1832 298 1894 et
312 1823 413 1896 Bruti
427 1821 520 1894 libris
536 1821 742 1896 nominatim
767 1823 838 1894 fere
854 1821 984 1899 referri,
1000 1822 1086 1914 quid
1110 1822 1213 1894 alicui
1227 1822 1272 1892 de
1281 1821 1355 1916 jure

262 1922 335 1992 viro
351 1945 390 1992 ao
404 1919 540 1990 mulieri
557 1919 821 2014 responderint3
847 1918 963 1999 credo,
982 1925 1022 1990 ut
1034 1927 1231 2014 putaremus
1247 1918 1287 1990 in
1299 1919 1352 1992 ho

262 2015 424 2094 minibus,
437 2040 510 2086 non
527 2015 563 2085 in
580 2039 628 2093 re,
645 2013 910 2086 consultationis
936 2023 998 2085 aut
1015 2015 1241 2087 dubitationis
1265 2041 1353 2091 osus

263 2138 336 2186 sam
345 2113 492 2210 aliquam
503 2109 633 2194 fuisse3
649 2121 700 2191 ut,
712 2108 810 2206 quod
823 2110 983 2182 homines
992 2120 1113 2184 essent
1130 2113 1351 2187 innumerabi-
1382 2161 1383 2192 t

262 2213 322 2294 les,
339 2209 519 2283 ⁷debilitati
534 2211 553 2279 a
560 2233 636 2304 pure
648 2207 906 2304 cognoscendo,
918 2209 1134 2282 voluntatem
1148 2211 1308 2286 discendi
1318 2213 1352 2286 si·
1382 2203 1383 2232 ³

262 2311 337 2383 mul
348 2335 427 2380 sirm
440 2333 500 2404 spe
511 2305 727 2406 perdiscendi
734 2305 968 2400 abjiceremus.
985 2307 1293 2386 SedhaeoCrassus
1303 2311 1350 2384 ali-

263 2401 1351 2504 quandonobisexpediet,etexponetdescriptageneratim2est
1382 2401 1383 2464 ἶ

258 2603 317 2660 uno
330 2597 635 2668 Monumentum.
646 2620 672 2658 e.
682 2599 712 2658 in
726 2599 856 2660 Mancini
873 2617 1007 2678 persma.
1045 2603 1255 2668 Prodidteissc
1269 2609 1352 2668 Lam·

261 2680 348 2740 binus
361 2679 436 2754 legit
446 2683 563 2740 duxisse
577 2705 589 2748 ,·
608 2681 661 2738 sed
671 2680 771 2750 nullis,
784 2681 897 2756 opinor,
911 2683 1010 2741 MStis
1020 2684 1257 2748 assentientibus.
1279 2685 1352 2746 Mihi

257 2759 383 2838 vquidem
394 2757 548 2833 displicent
557 2777 646 2818 voces
660 2775 692 2818 en
705 2781 746 2828 re,
760 2778 839 2838 quae,
852 2758 878 2818 si
890 2780 967 2822 sanae
983 2775 1054 2823 sunt
1064 2763 1231 2840 significant
1243 2767 1305 2837 hic,
1318 2786 1350 2826 ex
1382 2775 1383 2839 t

262 2851 299 2900 'eo
308 2838 388 2920 quod
401 2837 535 2900 didicerit
547 2850 680 2898 caussam
695 2840 712 2896 a
726 2855 849 2914 persona
863 2839 947 2897 Curii
957 2861 965 2894 s
976 2843 1028 2900 sed
1038 2841 1172 2901 usitatius
1183 2843 1235 2902 ille
1245 2846 1351 2923 signiti-

262 2934 329 2978 cant
342 2922 455 2977 obeam
468 2937 612 2988 caussam,
635 2921 682 2977 vel
696 2920 733 2976 ob
747 2937 814 2978 eam
836 2935 901 2975 rem
917 2917 1002 2993 (utin
1015 2919 1107 2978 Tusa.
1120 2920 1199 2995 disp,
1209 2922 1248 2979 iv.
1266 2932 1315 2983 88.
1328 2937 1351 2984 et

260 2998 352 3076 alibi),
372 3015 463 3058 sensu
476 3001 511 3057 ad
534 3001 611 3056 hunc
624 3000 722 3057 locum
733 2995 830 3057 minias
844 2998 1072 3056 accommodato.
1114 2998 1214 3058 Video
1227 3001 1351 3064 nestun

261 3079 335 3140 Boo.
351 3080 458 3138 habere
470 3100 509 3138 ex
521 3098 554 3134 re
568 3102 581 3144 ,·
603 3079 679 3140 unde
694 3077 827 3154 suspicor
849 3078 1008 3152 legendum
1021 3089 1049 3136 et
1060 3096 1100 3136 ex
1111 3098 1158 3137 reo
1170 3085 1258 3138 multa
1273 3097 1344 3142 attu-

261 3164 335 3218 lisse.
364 3156 455 3216 Sinin
469 3157 550 3216 initio
563 3156 655 3237 hujus
665 3157 785 3234 capitis3
805 3159 885 3224 emat
898 3159 1004 3214 estreis
1031 3177 1168 3229 numeres,
1192 3161 1348 3220 innumero·

244 3239 410 3314 uitiosum.
439 3238 490 3295 Sic
500 3250 530 3296 et
542 3236 572 3294 in
589 3257 650 3314 cap.
672 3239 881 3314 praecedente:
902 3236 989 3292 Natta
1005 3239 1120 3310 denique
1135 3251 1300 3309 estcoassos
1324 3245 1350 3296 in

260 3335 317 3388 qua
329 3320 369 3384 id,
383 3321 496 3391 quodie
507 3317 648 3390 judiciam
661 3321 749 3387 veut,
761 3337 802 3375 ex
820 3333 941 3374 reorum
948 3319 1089 3386 simeonis,
1113 3334 1147 3373 oc
1160 3335 1350 3392 congerierum
1382 3329 1383 3424 p

190 3391 199 3410 '
260 3399 385 3464 isaurum
399 3397 587 3465 disputatione
612 3410 759 3467 ponatur.
811 3397 933 3470 Nempe
955 3393 1101 3454 Antonius
1126 3394 1219 3457 voluit
1241 3396 1348 3466 dIcere,
1382 3435 1383 3470 3

261 3476 406 3533 Crassum
428 3493 485 3532 non
499 3491 538 3531 ex
561 3469 625 3544 ipsa
645 3491 768 3548 persona
785 3473 871 3534 Curii
889 3493 987 3550 neque
999 3493 1039 3540 ex
1053 3493 1105 3534 reo
1117 3489 1290 3553 argumenta
1302 3478 1348 3548 de·
1382 3479 1383 3546 t

260 3554 431 3627 promsisse,
446 3554 498 3614 sed
507 3550 604 3614 omnia
616 3554 652 3610 ab
665 3553 785 3612 nomiae
799 3551 836 3610 ad
843 3565 975 3614 naturam
985 3553 1155 3616 universam
1169 3555 1347 3634 quaestiones

259 3632 410 3694 retulisses

303 3718 320 3766 6
339 3707 501 3804 autcnriz]
519 3711 563 3770 Ita
576 3709 718 3768 editiones
731 3712 809 3772 Ven.
832 3711 955 3773 Mediol.
970 3723 1001 3773 et
1015 3712 1168 3774 Lambinis
1188 3723 1219 3775 et
1244 3714 1286 3778 tta
1300 3735 1347 3788 no·
1382 3707 1383 3772 I

260 3795 330 3858 veni
344 3789 406 3846 mei
421 3789 510 3848 MStt.
553 3789 704 3866 Vulgoac
721 3793 809 3850 Curii.

301 3872 320 3924 7
332 3870 470 3924 debilitati
478 3869 495 3926 ὰ
501 3873 573 3944 jure
583 3869 793 3963 cognoscenda]
812 3871 883 3930 Vox
895 3875 1061 3942 debilitatus,
1071 3871 1141 3932 oiim
1150 3873 1215 3934 sine
1228 3873 1349 3934 ablativo

261 3967 331 4008 casu
352 3947 477 4022 ponitur,
500 3947 645 4026 signiticat
657 3948 730 4007 nihil
752 3952 829 4009 ahud
852 3953 942 4028 quom
955 3953 1084 4024 fractus,
1100 3955 1277 4014 imminutos:
1298 3954 1348 4012 sed
1382 3959 1383 3970 ³

260 4027 330 4088 huic
344 4031 410 4086 Ioco
420 4043 524 4102 parurn
533 4028 665 4088 convenit
678 4027 920 4106 istasignificatio.
936 4031 1080 4090 Antonius
1089 4035 1275 4109 paulo-supra
1284 4035 1346 4090 dis·
1382 4077 1383 4084 κ

260 4122 338 4178 erat;
358 4127 409 4163 nos
413 4108 609 4181 jurisconsulti
622 4113 785 4179 impediunt,
798 4109 817 4166 ὰ
830 4113 1011 4185 discendoque
1021 4115 1165 4170 deterrent
1179 4131 1191 4171 .·
1209 4111 1347 4189 idemque

260 4187 360 4255 dicere
369 4186 459 4246 etism
466 4183 497 4243 in
511 4189 565 4244 hoe
577 4187 999 4265 loeovoluistoquenditamem
1013 4190 1138 4250 formula
1149 4188 1264 4252 variata
1291 4190 1346 4250 Le·
1382 4209 1383 4258 ἢ

261 4270 391 4342 gendum
401 4265 492 4343 igitur
504 4283 628 4325 censeor
650 4270 786 4326 debilitati
797 4268 905 4328 metuo
913 4271 982 4343 jure
997 4275 1191 4344 cognoscendo,
1205 4283 1261 4333 etc,
1299 4269 1346 4328 Sic
1382 4293 1383 4328 3

260 4345 292 4402 in
305 4344 324 4402 i.
337 4353 386 4403 26.
400 4346 483 4404 simui
491 4343 696 4424 acoiesractum
714 4367 748 4405 oc
761 4347 941 4408 debilitatum
950 4363 1032 4410 metu
1045 4353 1161 4409 viderit.
1183 4349 1249 4410 Imo
1265 4348 1345 4408 Msti
1382 4407 1383 4416 ,

260 4425 346 4483 Cant.
358 4437 388 4482 et
401 4429 492 4501 Wag.
503 4425 641 4484 exhibent
653 4425 794 4504 reliquias
813 4425 902 4506 hujus
924 4427 1063 4508 lectionis,
1076 4431 1240 4509 teguntque
1250 4431 1345 4490 debili·
1382 4429 1383 4468 ἒ

149 4551 153 4560 .
259 4507 313 4560 toti
330 4503 435 4563 timec}
443 4523 513 4577 μανι
527 4510 719 4582 cognoscendo.
