2830 5014
214 319 275 378 220
640 309 701 374 ot:
718 305 924 372 ORATORE

108 513 110 520 ι
217 453 344 538 ⁴Tum
372 457 471 557 qubd
493 457 631 536 monuit
646 461 751 543 idem,
764 471 806 534 ut
821 480 962 554 eaque
979 455 1170 554 inquoque
1184 454 1341 535 mame

212 568 342 641 esseut,
363 551 597 632 imitaremur:
623 585 668 632 ex
685 585 757 657 quo
781 582 912 639 vereor,
929 581 975 630 no
994 556 1080 630 nihil
1102 557 1167 630 sim
1181 554 1244 635 tui,
1258 555 1329 628 nisi

214 658 471 756 supplosionem
480 659 579 756 pedis
591 657 753 740 imitatus,
764 663 801 730 et
813 656 1093 753 paucaquaedam
1104 657 1216 735 verba,
1228 664 1264 726 et
1274 651 1333 726 ali-

213 780 331 851 quem,
348 758 374 830 si
391 757 496 839 lorti,
513 767 657 832 motum.
684 759 778 852 Ergo
790 755 864 836 ista,
880 751 1256 849 inquiremusque
1273 750 1333 822 ha·

212 853 275 929 bes
291 858 312 928 i
328 879 394 938 me,
413 881 486 930 non
504 855 729 954 reprehendo,
758 879 804 926 ne
836 878 891 928 me
916 852 1027 948 ipsum
1053 851 1213 926 irrideam
1231 852 1335 942 (sunt

212 961 330 1028 autern
342 978 419 1026 mea
431 956 589 1028 multoet
602 956 708 1052 plura,
724 951 904 1048 etmajora,
917 947 1132 1048 quemdicis)
1144 977 1155 1035 ;
1179 971 1264 1049 quae
1277 971 1336 1020 au·
1392 1034 1398 1046 s

211 1059 282 1122 tem
297 1062 383 1125 suut
397 1062 461 1126 aut
480 1063 538 1126 tua
551 1053 668 1150 plane,
694 1054 780 1124 ⁵aut
796 1049 989 1126 imitatione
1008 1073 1052 1122 ex
1069 1047 1182 1144 aliquo
1195 1070 1341 1144 expres·

211 1170 259 1228 aa,
272 1148 315 1220 de
328 1150 369 1220 iis
380 1159 425 1230 te,
440 1151 466 1220 ei
485 1151 543 1246 qui
557 1175 614 1222 me
627 1151 715 1224 forte
731 1150 831 1222 locus
848 1147 1077 1230 admonuerit,
1095 1146 1342 1222 commonebo.

263 1245 366 1318 XIII.
393 1249 647 1320 Praetereamus
663 1248 768 1341 igitur
790 1257 970 1343 praecepta
985 1245 1113 1320 Latine
1149 1243 1337 1342 loquendi,

214 1365 296 1438 quae
315 1343 452 1442 puerilis
469 1343 626 1416 doctrina
652 1343 769 1423 tradit,
784 1354 817 1416 et
832 1343 989 1414 subtilior
1006 1343 1159 1438 cognitio
1179 1369 1220 1416 ao
1248 1342 1344 1416 ratio

213 1440 385 1518 literarum
397 1442 469 1524 alit,
482 1453 541 1515 aut
557 1441 804 1515 ⁶consuetudo
821 1439 989 1512 sermonis
1013 1440 1204 1536 quotidiani
1223 1464 1265 1512 ac
1279 1439 1344 1512 do·

215 1541 364 1622 mestici,
375 1538 451 1614 libri
464 1545 672 1616 consrrmant
681 1548 718 1612 et
726 1539 831 1612 lectio
846 1549 1003 1612 veterum
1016 1547 1189 1612 oratorum
1206 1549 1243 1611 et
1256 1536 1347 1636 po'e'·

214 1647 346 1712 terum:
371 1663 489 1736 neque
506 1637 589 1712 verb
607 1639 645 1712 in
663 1639 721 1711 illo
732 1639 839 1711 altero
853 1637 985 1710 diutius
1002 1661 1267 1717 commoremur,
1295 1651 1347 1711 ut

215 1735 442 1834 disputemus,
460 1737 585 1834 quibus
599 1739 705 1810 rebus
720 1737 854 1833 assequi
871 1731 1054 1832 possimus,
1071 1747 1112 1810 ut
1123 1761 1174 1817 ea,
1185 1756 1270 1829 quae
1289 1733 1346 1808 di·

216 1859 344 1918 carnus,
358 1836 623 1934 intelligentam
649 1836 775 1910 Latine
791 1833 924 1906 scilicet
937 1833 1098 1913 dicendo,
1110 1832 1222 1904 verbis
1234 1830 1342 1906 usita-

216 1933 262 2004 tis
278 1959 318 2006 ac
330 1934 467 2030 proprie
487 1933 810 2008 demonstrantibus
831 1959 881 2014 ea,
905 1955 987 2028 qute
1006 1929 1191 2028 significari
1213 1956 1255 2006 ac
1285 1933 1343 2006 de,

215 2029 332 2104 clarari
342 2030 509 2111 volemus,
523 2031 598 2102 sine
608 2031 769 2126 ambiguo
781 2032 884 2117 verbo
894 2037 954 2102 aut
965 2049 1134 2108 sermone,
1147 2053 1223 2102 non
1232 2029 1338 2104 nimis

215 2125 322 2224 longa
338 2124 608 2201 continuatione
634 2129 826 2208 verborum,
856 2152 929 2198 non
957 2126 1056 2200 valde
1081 2126 1262 2223 productis
1288 2127 1339 2212 iis,

217 2249 300 2322 quae
314 2223 551 2301 similitudinis
568 2249 690 2300 caussa
706 2251 752 2298 ex
767 2225 842 2298 aliis
859 2227 961 2297 rebus
978 2225 1252 2308 transferuntur,
1266 2251 1342 2304 non

216 2323 398 2422 discerptis
421 2325 618 2408 sententiis,
655 2349 728 2404 uon
754 2322 977 2421 praeposteris
1005 2324 1233 2420 temporibus,
1262 2351 1338 2400 nou
1399 2351 1400 2354 ’

217 2422 556 2516 confusispersonis,
572 2447 648 2494 non
677 2423 878 2518 perturbato
893 2421 1025 2493 ordine.
1078 2421 1179 2504 Quid
1205 2421 1339 2496 multa?

217 2525 290 2588 tam
307 2516 413 2588 facilis
430 2527 485 2588 est
501 2525 575 2588 tota
603 2541 668 2597 res,
695 2527 734 2589 ut
749 2517 833 2590 mihi
854 2517 1043 2612 permirum
1059 2542 1155 2616 saepe
1171 2521 1338 2605 videatur,

218 2613 301 2688 cum
332 2611 506 2686 difficilits
539 2613 760 2712 intelligatur,
791 2614 877 2712 quid
905 2626 1071 2712 patronus
1102 2619 1185 2692 velit
1213 2620 1341 2702 dicere,
1398 2685 1399 2710 ,

217 2714 327 2809 quim
343 2711 371 2784 si
384 2711 457 2809 ipse
474 2710 543 2794 ille,
561 2713 620 2808 qui
640 2723 822 2809 patronum
838 2711 991 2796 adhibet,
1003 2714 1047 2788 de
1058 2740 1095 2788 re
1109 2733 1168 2790 sua
1184 2716 1338 2802 diceret3
1398 2715 1399 2728 ’

217 2808 277 2882 isti
294 2809 525 2908 enim,quied
542 2833 607 2884 nos
624 2835 764 2886 caussas
781 2811 1015 2892 deferunt‚ita
1035 2838 1100 2886 nos
1152 2814 1340 2915 lerumque

219 2907 282 3006 ipsi
300 2909 439 2990 docent,
465 2918 506 2982 ut
523 2933 596 2982 non
612 2909 784 2982 desideres
794 2909 929 3007 planius
942 2910 1030 2982 dici:
1055 2838 1193 2984 casdim
1210 2939 1268 2986 res
1283 2940 1338 2990 eu·

220 3011 293 3080 tem
309 3005 454 3081 simulac
471 3005 488 3060 ⁷
504 3007 628 3080 Fufius
645 3019 705 3081 aut
721 3019 835 3080 vester
848 3007 992 3104 aequalis
1013 3005 1223 3106 Pomponius
1239 3037 1341 3109 agere

220 3106 342 3204 erepit,
368 3129 444 3182 uon
459 3105 578 3206 teque,
604 3106 689 3204 quid
701 3105 829 3190 dicant,
846 3106 913 3182 nisi
928 3103 1112 3184 admodum
1126 3109 1272 3192 attendi,
1288 3113 1336 3186 in·

261 3301 368 3358 trum
384 3297 458 3374 quid
476 3301 600 3382 monuit]
618 3303 690 3361 Post
708 3315 768 3361 tum
791 3299 979 3379 subintellige
1002 3301 1159 3376 mentiniett,
1185 3307 1235 3367 vel
1254 3307 1337 3370 aliam

222 3376 288 3470 ejus
302 3379 421 3456 generis
435 3398 546 3446 vocem,
588 3383 665 3440 Illud
680 3394 833 3441 monuerat
847 3383 992 3442 Antonius
1001 3382 1031 3441 in
1045 3377 1074 3440 ti.
1089 3389 1136 3440 22.
1395 3429 1396 3461 ,

219 3517 222 3521 ,
265 3471 280 3518 5
295 3473 347 3524 ant
360 3465 515 3524 imitatione
525 3464 664 3532 exaliqua
678 3461 846 3544 expressa]
860 3463 929 3530 Vox
939 3467 1045 3539 aliquia
1057 3461 1107 3522 bic
1120 3462 1201 3524 idem
1214 3467 1337 3528 valeiae

221 3542 298 3604 etiae
313 3543 400 3610 qne:
423 3541 460 3598 de
474 3557 532 3614 quo
544 3537 610 3601 vide
626 3543 695 3600 Not.
709 3541 745 3600 ad
759 3559 787 3617 p.
801 3550 868 3602 204.

264 3625 280 3674 6
296 3617 408 3696 Vulgb,
422 3623 739 3677 consuetudoaerrnonia
752 3625 922 3692 quotidiani,
940 3643 974 3680 cc
984 3626 1133 3681 domestici
1153 3628 1220 3688 iiiii
1236 3627 1335 3704 contir-
1394 3613 1395 3707 l

223 3707 314 3761 mant,
329 3709 356 3751 et
371 3702 462 3768 tectio,
473 3695 546 3778 etc]
565 3695 644 3760 Ctim
658 3699 819 3764 dubitarent
832 3701 886 3761 viri
905 3702 1074 3772 doctissimi,
1089 3704 1160 3781 quid
1179 3719 1275 3765 essent
1288 3705 1335 3766 isti

223 3775 370 3834 domestici
383 3782 456 3841 libri,
471 3778 598 3836 ioannes
611 3777 745 3844 Clericus
757 3780 787 3846 iu
801 3803 854 3842 suo
865 3783 937 3840 libro
943 3785 979 3848 de
995 3785 1069 3842 Arte
1079 3781 1190 3848 critica
1200 3785 1335 3846 sicinter·

222 3854 331 3932 pungit
345 3856 538 3920 sententiam:
560 3861 692 3916 subtilior
703 3865 822 3934 cognitio
835 3883 868 3920 ac
880 3867 954 3926 ratio
968 3867 1116 3928 literarum
1129 3869 1189 3934 alit,
1208 3878 1260 3920 aut
1275 3887 1334 3924 con·
1393 3897 1394 3928 1

223 3935 342 3998 iactatio
357 3943 495 3994 aemonis
520 3943 675 4009 quotidiani
697 3959 731 3996 ac
755 3945 910 4007 domestici,
933 3945 998 4003 titrt
1010 3945 1191 4014 confirmant,
1205 3949 1332 4014 cilcario,
1393 3935 1394 3944 ¹

223 4027 280 4084 etc.
322 4015 380 4072 Sed
394 4013 480 4073 video
491 4016 658 4077 Manutium
672 4033 737 4079 ante
750 4021 815 4099 ejus
828 4020 1028 4098 conjecturam
1052 4022 1094 4079 sic
1108 4023 1232 4088 edidisse
1245 4047 1254 4094 ;
1278 4043 1333 4098 *nee

224 4093 309 4153 aliter
320 4095 449 4154 MS.Bal.
463 4095 645 4174 interpungit
657 4101 848 4160 sententiam:
869 4119 960 4157 sermo
972 4105 1150 4172 quotidianae
1165 4117 1195 4162 et
1208 4107 1334 4176 demetri*

226 4193 276 4233 cae
291 4175 307 4231 i
322 4175 681 4252 Cicerone‘agnoscendus
694 4195 761 4250 est;
789 4181 928 4258 idemque
948 4195 1003 4253 est,
1026 4203 1085 4261 quo
1106 4183 1240 4242 Cornelia
1265 4184 1334 4250 filios

225 4269 296 4320 suos
308 4256 463 4318 Gracchus
476 4256 620 4322 instruxit,
636 4272 667 4316 et
676 4279 766 4337 quem
781 4275 864 4320 antea
874 4265 999 4320 Crassus
1012 4263 1041 4322 in
1054 4262 1147 4324 Laelia
1163 4265 1330 4323 laudaverat
1391 4271 1392 4300 l

265 4337 282 4386 t
298 4333 420 4414 Fufius]
438 4334 539 4413 Vulgi
554 4339 683 4404 Fusias,-
703 4343 754 4399 sed
765 4353 885 4418 propter
900 4344 1027 4420 rationes
1044 4345 1078 4402 ad
1093 4342 1122 4400 ii.
1138 4347 1182 4398 22.
1199 4346 1332 4403 adductas

225 4409 297 4484 ligo
311 4415 417 4470 Fusius
432 4437 444 4480 ,·
464 4434 519 4474 nec
533 4415 616 4474 aliter
625 4413 654 4473 in
664 4422 720 4478 hoc
733 4423 798 4484 loco
820 4421 902 4492 MSti
915 4423 978 4494 Pal,
991 4435 1119 4508 quartus,
1133 4434 1247 4499 septus,
1260 4431 1332 4494 ocra,

225 4505 289 4559 vus,
302 4503 332 4550 et
344 4509 446 4564 nonus,
460 4509 491 4554 et
505 4497 573 4562 MS,
587 4497 688 4570 Meam,
706 4557 709 4564 ,
1004 4509 1006 4514 ’
1390 4489 1391 4544 l
