2830 5014
1043 284 1049 316 l

498 403 500 409 .
516 346 642 410 LIBER
660 345 701 410 11.
721 351 776 412 sm
1154 355 1209 414 &99

85 509 123 576 te
141 501 381 586 locutussum,
397 493 575 588 omnium;
601 497 660 572 sed
678 497 756 570 haeo
780 519 834 568 ars
855 501 930 568 tota
946 487 1119 580 ³dicendi,
1140 501 1211 576 eive

85 602 175 677 ortis
190 601 303 694 imago
320 595 483 693 quaedam
501 607 556 668 est
572 606 609 668 et
626 595 821 674 similitudo,
835 595 935 668 habet
945 595 1122 678 hancvim,
1136 623 1211 674 non

74 689 264 775 'uttotum
280 695 420 792 aliquid,
437 696 537 791 cujus
559 695 594 766 in
612 695 760 790 ingeniis
785 693 911 766 nostris
927 719 1003 791 pers
1032 695 1128 768 nulle
1153 697 1210 780 sit,

88 797 203 894 pariat
217 805 254 871 et
270 802 439 891 procreet,
454 793 574 866 rernm
587 802 624 864 ut
641 819 690 872 eu,
705 815 787 888 quae
804 800 891 864 sunt
902 805 977 866 orta
984 794 1055 889 jam·
1064 794 1101 866 in
1114 795 1212 868 nobis

85 907 131 968 et
149 903 332 991 procreate,
348 893 478 966 educet
503 904 610 986 atque
626 895 828 982 confirmet„
871 887 1131 966 Verumtamen
1153 919 1213 968 ne-

90 1017 165 1090 que
182 1002 250 1066 tarn
266 993 336 1064 neri
354 989 517 1064 memoria
531 991 603 1062 l'ere
620 989 807 1086 quisquam
823 995 887 1066 cst,
913 999 965 1072 ut,
985 1017 1058 1066 non
1075 992 1214 1089 disposi-

91 1092 139 1166 tis
156 1091 359 1185 notatisqne
370 1090 486 1167 rebus,
495 1087 654 1160 ordinem
666 1088 684 1136 4
696 1090 874 1158 verborum
887 1097 948 1160 aut
960 1091 1213 1164 sententiarum

90 1189 371 1284 complectatur;
396 1211 509 1284 neque
537 1183 620 1257 verb
638 1197 710 1257 tam
728 1185 854 1266 hebeti,
884 1197 926 1258 ut
952 1189 1038 1260 nihil
1054 1188 1118 1261 hnc
1133 1212 1214 1262 con-

66 1285 285 1368 suetudine
311 1295 348 1358 et
375 1284 622 1358 exercitatione
649 1283 841 1380 adjuvetur.
892 1284 992 1359 Vidit
1019 1287 1112 1361 enim
1145 1287 1213 1360 hoo

91 1385 289 1484 prudentor
306 1384 376 1458 sive
390 1382 597 1464 Simonides„
616 1382 686 1452 sive
703 1381 789 1454 alius
801 1385 880 1478 quis
896 1384 1035 1463 invenit,
1057 1411 1098 1458 en
1109 1385 1214 1458 moxi·

91 1485 152 1556 me
170 1482 319 1556 ⁵animis
344 1481 435 1578 affigi
466 1481 608 1559 nostris,
623 1503 708 1576 quae
725 1494 842 1552 essent
860 1487 880 1556 et
905 1507 1012 1556 sensu
1028 1483 1154 1558 tradita
1168 1495 1214 1556 et·

91 1607 165 1678 que
180 1581 364 1678 impresse3
388 1579 595 1652 acerrimum
621 1587 738 1651 autem
751 1603 796 1650 ex
812 1584 972 1655 omnibus
988 1581 1114 1654 nostris
1139 1606 1216 1656 sen·

86 1683 188 1764 ,sinus
201 1705 278 1756 esse
292 1703 448 1754 ,sensum
464 1675 625 1750 videndi:
653 1701 760 1772 quare
785 1677 946 1755 facillime
970 1681 1086 1753 animo
1102 1681 1216 1754 teneri

138 1848 155 1899 3
171 1838 310 1922 cluendo]
331 1839 495 1920 Scripserat
505 1839 621 1910 Cicero,
632 1841 661 1899 ni
673 1841 768 1912 'sallon
791 1847 921 1901 diccendi
929 1867 941 1908 ,·
961 1841 1058 1920 pergit
1071 1842 1150 1902 enim
1172 1847 1215 1903 lo·

97 1922 152 2002 (lui
166 1925 204 1980 de
216 1919 277 1983 arte
295 1923 463 1982 Memoriae.
504 1921 536 1978 si
554 1936 653 1980 autern
665 1935 786 1990 tontum,
802 1938 834 1983 nt
848 1925 927 1982 aiunt
940 1930 1052 1992 ncimm,
1077 1936 1215 1996 quantum

94 2007 237 2061 memoria
257 2021 393 2074 tenemur,
407 2003 475 2080 quid
495 2001 605 2061 mirum
621 2001 646 2060 si
668 2016 762 2063 artem
776 2004 932 2064 Memoriae
947 2004 1054 2063 Cicero
1065 2017 1160 2064 artem
1172 2007 1217 2062 dr-

94 2083 309 2147 scendirocet?
338 2085 485 2143 Muretus.
510 2133 520 2155 ,

138 2169 322 2238 opertorum
335 2178 386 2225 aut
403 2169 613 2223 sententiarum
629 2167 837 2236 complectatur
849 2169 882 2246 ς]
904 2169 1012 2228 instes
1025 2169 1107 2242 Meg.
1130 2161 1217 2226 exhi·
1248 2227 1253 2232 ,

87 2241 154 2316 'be‘t
167 2245 219 2312 ἐις
238 2242 379 2303 editiones
393 2239 465 2303 verb
481 2247 555 2302 Veri.
572 2259 604 2302 et
619 2244 739 2306 Mediol.
754 2261 849 2322 atque.

92 2342 96 2350 ·
143 2335 158 2382 5
174 2320 286 2400 Vulgo,
299 2327 400 2380 animis
411 2323 510 2402 effingi
524 2325 659 2402 nostrin]
682 2329 715 2384 In
731 2329 918 2403 praecedente
939 2327 1033 2403 capite
1048 2327 1135 2384 habes
1150 2323 1217 2383 haec
1273 2349 1276 2354 Δ

87 2406 194 2472 verba,
209 2423 253 2472 ea,-
264 2422 327 2475 quae
341 2408 472 2464 memoria
483 2419 582 2462 tenere
592 2409 706 2474 vellent,
720 2409 883 2485 effingenda
895 2411 996 2464 animo.
1038 2406 1097 2464 Ubi
1112 2405 1216 2462 Lamo.

96 2484 173 2560 legit
181 2485 332 2558 affigenda,
342 2487 405 2554 sed,
415 2497 447 2544 ut
461 2485 573 2563 opinor,
587 2487 736 2545 mendose.
762 2491 794 2547 ln
812 2493 866 2546 boc
878 2487 947 2546 verb
963 2489 1026 2546 loco
1040 2505 1096 2546 uon
1111 2487 1217 2560 effingi,

97 2566 153 2625 sed
165 2564 245 2636 affigi
261 2565 360 2638 probo.
400 2567 463 2624 Cur
484 2578 584 2627 eutem
607 2564 680 2626 illud
694 2569 853 2642 effingenda,
874 2569 1026 2636 retineam,
1052 2572 1106 2626 hoc
1120 2567 1217 2639 effingi

88 2642 247 2720 rejiciam,
263 2641 336 2701 ratio
349 2644 494 2704 reddetur,
536 2645 596 2714 Sed
609 2647 644 2704 ad
658 2666 722 2704 eam
735 2651 913 2709 reddendam
927 2649 1014 2711 liceat
1026 2647 1101 2714 mihi
1116 2667 1155 2705 ex
1165 2646 1217 2702 Ci-

99 2739 212 2783 cerone
226 2719 374 2796 originem
384 2736 414 2782 et
428 2722 587 2784 doctrinam
597 2725 753 2790 artificialis
768 2727 927 2790 Memoriae
938 2727 1104 2782 describere
1153 2725 1216 2780 Ob·

100 2813 200 2862 servet
215 2799 315 2876 primo
327 2799 437 2860 Cicero
455 2821 508 2861 nos
521 2819 555 2860 ca
568 2802 731 2863 diutissime
747 2806 880 2873 retinere,
893 2805 913 2861 i.
924 2825 951 2862 e.
971 2823 1003 2858 eo
1017 2799 1142 2866 maxim?
1154 2805 1217 2858 oni·

98 2887 156 2940 mie
167 2879 247 2957 affigi
257 2884 375 2950 nostrie,
388 2897 454 2959 quae
464 2893 570 2942 'sensns
584 2879 688 2961 aliquis
702 2886 784 2946 nobis
794 2884 959 2961 imprimit;
979 2883 1155 2941 exomnibus
1166 2899 1217 2940 au·

99 2961 308 3040 teanensibus
320 2979 441 3026 sensnm
449 2961 573 3028 ,videndi
583 2982 630 3022 res
643 2966 727 3024 nobis
734 2963 875 3026 acerrime
888 2964 1070 3042 imprimere.
1104 2962 1218 3019 Earum

99 3039 194 3118 igitur
206 3059 318 3110 rerum,
333 3059 405 3116 quas
423 3041 570 3102 memoria
582 3057 684 3120 tenere
699 3049 837 3118 velintne,
850 3046 993 3122 imagines
1007 3043 1110 3118 aliqnae
1126 3040 1220 3118 (quic,

101 3119 174 3182 oiim
184 3121 280 3179 oculis
287 3119 413 3197 risuque
424 3121 637 3198 percipiuntur,
655 3126 776 3185 validids
785 3144 837 3186 nos
847 3125 968 3202 feriunt)
981 3122 1063 3182 nobis
1077 3122 1106 3180 in
1120 3119 1219 3178 animo

102 3199 371 3260 nostro'formandae
385 3203 488 3271 eunti.
503 3221 529 3260 e.
545 3221 577 3258 eo
601 3205 764 3282 effingenda
777 3220 844 3262 cunt
868 3211 959 3260 animo
978 3217 1084 3260 nortro.
1114 3197 1218 3271 Porro,

103 3279 244 3357 quoniam
253 3278 398 3352 imagines
407 3282 550 3346 sine‘sede
564 3280 690 3358 intelligi
702 3300 732 3343 et
743 3283 855 3360 concipi
865 3297 1026 3362 nequeunt,
1042 3281 1116 3342 locis
1135 3293 1221 3340 nten-

102 3364 179 3424 dum
194 3370 248 3422 est.
290 3359 557 3424 His-fundamentis
570 3362 672 3433 nititur
687 3365 775 3444 hujus
792 3365 948 3426 Memoriae
966 3362 1102 3424 doctrina.
1143 3358 1219 3418 Dixi

102 3452 204 3501 autem
216 3439 352 3510 effingere
361 3437 442 3498 idem
454 3459 531 3512 csse,
542 3461 579 3504 ,ac
589 3440 780 3517 imagincsin
791 3444 889 3520 animo
902 3443 1047 3512 formare3
1068 3442 1219 3516 proboque

91 3538 144 3582 ,ΒΧ
158 3516 302 3590 Quinctil.
316 3517 357 3575 xi.
371 3525 403 3578 2.
423 3525 501 3590 Oltuc
516 3535 559 3578 ent
580 3528 759 3595 inmginibus,
784 3532 832 3582 vel
852 3529 1026 3593 rimoldum,
1047 3543 1106 3594 pne
1120 3523 1221 3592 utique

101 3599 328 3676 fingendueont.
369 3601 472 3670 Porro,
481 3599 554 3658 dicit
564 3603 714 3662 Antonius
725 3624 768 3673 ee,
778 3625 845 3682 quae
861 3606 1021 3677 effingendo
1035 3615 1104 3659 cunr
1117 3604 1221 3670 animo,

102 3679 136 3734 in
150 3677 223 3736 locis
246 3696 315 3738 esse
329 3681 518 3738 collocanda:
539 3691 642 3738 auctor
661 3698 761 3742 autem
783 3685 849 3742 libri
863 3682 943 3742 tertii
957 3685 992 3742 ad
1013 3683 1126 3742 Heron.
1148 3679 1222 3750 dicit

103 3763 243 3829 imag-inec
255 3763 433 3818 collocandus
449 3781 509 3818 eece
523 3765 552 3818 r‘n
566 3765 642 3819 tocie.
685 3765 769 3824 Idem
781 3764 873 3840 igitur
888 3768 1026 3836 imagines
1041 3776 1119 3834 sunt,
1132 3782 1166 3822 ac
1181 3762 1223 3831 es·

94 3841 185 3911 ficta.
220 3837 394 3900 ,Notandum
408 3853 454 3900 est
469 3841 559 3900 ctiam
575 3840 657 3903 Msti
670 3841 751 3900 Joan.
766 3841 932 3918 marginem
944 3846 1050 3904 habere
1064 3845 1093 3904 in
1108 3857 1221 3919 praece-

91 3917 197 3974 ,dente
212 3914 306 3990 capite
320 3921 469 3991 effigienda
483 3925 596 3978 animo:
616 3939 684 3996 quae
700 3922 788 3982 lectio
801 3925 874 3978 hanc
883 3921 1156 4000 interpretationem
1170 3935 1220 3974 vo·

103 3993 151 4056 ctis
166 3995 303 4067 effingere
314 3997 477 4064 confirmat.
518 3999 592 4057 Dixi
601 4014 687 4060 antea
699 4005 799 4066 atrimit·
812 4006 892 4075 affigi
903 4004 1070 4081 significare
1085 3999 1220 4058 memoria

103 4079 200 4134 teneri
213 4094 225 4130 ι·
246 4079 325 4150 quod
338 4091 467 4153 patetex
481 4080 674 4156 sequentibus
698 4079 804 4151 rerbiS,
819 4103 908 4154 quare
923 4082 1061 4157 facillime*
1073 4081 1163 4134 animo
1179 4087 1219 4130 te·

103 4161 171 4218 neri
181 4164 273 4225 nocer
288 4177 329 4228 ee,
338 4171 396 4226 etc,
438 4160 499 4218 Ubi
510 4159 747 4220 Antoniusidem
757 4162 837 4231 dicit,
852 4166 973 4240 paulum
987 4156 1105 4218 mutatis
1119 4165 1220 4212 tamen

92 4236 212 4305 uerbis,
226 4249 258 4295 ct
270 4238 384 4298 dnobus
399 4259 543 4304 sensuum
554 4237 711 4318 speciebus
731 4244 834 4302 altatis.
875 4243 992 4314 Quinct.
1004 4253 1084 4310 saepe
1099 4233 1129 4291 in
1154 4237 1222 4292 loco

11 4360 15 4377 .
104 4313 193 4374 citato
203 4317 293 4375 habet
307 4325 446 4377 memorie
459 4322 587 4392 affigere,
600 4331 631 4376 et
640 4326 731 4374 anieno
741 4325 865 4396 affigere.
907 4321 1046 4378 Libenter
1065 4313 1159 4390 igitur
1173 4314 1222 4372 his

105 4392 277 4468 rationibus,
287 4410 319 4456 et
332 4399 507 4458 auctoritate
524 4405 595 4459 Asc.
605 4400 711 4472 steph.
729 4413 758 4460 et
774 4405 898 4462 duarum
913 4398 1035 4454 aliarum
1046 4395 1221 4464 editionum,

104 4485 138 4530 et
152 4490 285 4554 excerpt.
302 4477 371 4540 MS.
382 4480 460 4536 Nov.
471 4480 615 4540 adductus
626 4487 745 4556 legonti
758 4481 881 4546 maxime*
892 4473 996 4536 animis
1010 4478 1091 4558 effigi
1099 4482 1221 4536 nostrie:

104 4555 187 4631 quod
201 4567 232 4615 ct
242 4557 275 4620 iu
288 4576 382 4635 marg.
397 4571 478 4620 extet
494 4561 560 4622 MS.
577 4561 659 4626 Harl.
675 4563 701 4615 2.
