2808 5020
499 447 501 452 ι
530 365 659 430 usuale
677 367 718 428 11.
738 371 787 424 aa.
932 409 934 414 .
1150 365 1202 453 aar

81 513 324 616 probandum,
342 510 462 612 autad
474 513 714 598 refellendum,
738 522 800 588 aut
815 533 860 586 ex
874 535 936 588 sua
951 512 1041 588 sumi
1052 511 1082 585 vi
1094 520 1199 609 atque

79 625 223 695 'natura
246 622 308 686 sut
323 611 450 686 assumi
475 613 558 684 foris
572 611 585 682 ἓ
597 616 654 686 Ex
671 639 734 686 sua
749 613 791 694 vi,
807 613 889 684 sinn
902 623 974 693 aut,
982 636 1037 684 res
1049 629 1133 710 quoe
1156 609 1200 681 sit

82 722 174 791 tota,
199 717 471 808 queeratur,.aut
504 734 581 806 pars
607 711 698 808 ejus,
715 721 779 785 aut
804 712 1004 785 vocabulum
1030 709 1125 807 quod
1141 703 1201 780 ha·

83 809 177 890 beat,
193 819 252 885 aut
267 808 451 906 quippiam,
475 833 550 882 rem
568 807 661 882 illam
677 809 772 906 quod
788 809 956 906 attingat:
984 808 1200 882 extrinsecus

82 923 213 989 autem,
239 907 319 980 erim
341 931 393 988 ea,
416 927 499 1003 quae
527 917 616 982 sunt
641 907 735 990 foris,
761 931 876 1006 neque
903 908 1078 980 inhaerent
1092 906 1129 979 in
1152 901 1201 978 rei

79 1015 219 1090 nature,
229 1005 457 1102 colliguntur.
502 1003 540 1076 Si
556 1029 610 1078 res
622 1015 695 1079 tota
708 1006 894 1102 quaeritur,
911 1005 1116 1100 delinitione
1128 1003 1205 1076 uni-

80 1129 179 1181 uersa
203 1105 258 1176 vis
277 1101 480 1214 explioanda
495 1112 550 1175 est
562 1105 612 1178 sic
623 1133 634 1191 3
657 1103 692 1176 Si
718 1105 877 1202 majestas
890 1115 944 1178 est
958 1101 1150 1200 amplitudo
1162 1125 1203 1174 sc

81 1203 238 1300 dignitas
269 1209 426 1281 civitatis,
452 1225 481 1272 rs
506 1226 584 1276 eam
600 1201 738 1283 minuit,
762 1201 823 1298 qui
840 1201 1027 1276 exereitum
1045 1201 1201 1274 hostibus

10 1351 11 1364 r
79 1299 205 1399 populi
221 1299 367 1374 Romani
381 1298 529 1381 tradidit,
554 1324 627 1374 non
651 1300 712 1397 qui
729 1323 821 1380 eum,
845 1299 905 1395 qui
919 1299 954 1372 id
970 1299 1119 1381 fecisset,
1144 1321 1202 1396 po

82 1399 159 1496 puli
170 1399 316 1472 Romani
328 1397 492 1498 potestati
503 1398 655 1472 tradidit.
682 1398 745 1471 Sin
761 1420 848 1493 pars,
862 1396 1044 1494 partitione
1054 1399 1121 1472 hoo
1133 1421 1204 1470 mo

76 1495 150 1584 d03
173 1496 250 1571 Aut
265 1497 403 1594 senatui
418 1496 610 1594 parendum
627 1495 670 1568 de
684 1497 796 1570 salute
814 1495 1027 1592 Reipublicae
1049 1495 1127 1576 fuit,
1142 1503 1203 1568 aut

78 1594 177 1668 aliud
190 1596 372 1672 consilium
389 1594 666 1676 instituendum,
689 1603 750 1666 aut
765 1617 830 1665 sua
848 1604 974 1689 sponte
991 1593 1202 1668 laciendum:

75 1686 205 1774 ,2a1iud'
221 1689 418 1780 eonsilium,
448 1695 636 1790 superbum
648 1721 660 1779 ;
683 1716 799 1788 suum,
824 1691 1007 1789 arrogans;
1030 1692 1204 1765 utendam

79 1793 189 1890 igitur
215 1793 285 1866 fuit
299 1791 448 1886 oonsilio
470 1801 625 1862 senatus.
675 1789 738 1862 Sin
751 1814 794 1862 ex
811 1791 982 1872 vocabulo,
1007 1801 1049 1863 ut
1068 1791 1201 1872 Carb03

83 1890 123 1960 Si
140 1889 266 1962 consul
282 1899 347 1968 est,
372 1887 433 1984 qui
450 1887 604 1986 consulit
620 1887 752 1984 patriae,
768 1887 854 1985 quid
868 1888 960 1960 aliud
977 1887 1059 1962 feeit
1076 1885 1203 1986 Opimi-

82 1983 150 2060 us?
175 1984 237 2058 Sin
252 1988 296 2058 ab
317 2011 371 2067 eo,
397 1983 494 2081 quod
509 2010 583 2058 rem
608 1985 767 2082 attingat,
791 1986 905 2084 plures
918 1995 1004 2060 sunt
1020 2009 1200 2085 argumen-

77 2083 302 2161 torumsedes
312 2084 443 2163 aelooi;
456 2109 537 2158 nam
548 2092 584 2156 et
595 2083 791 2181 conjuncta
803 2107 1012 2180 quaeremos,
1020 2094 1201 2181 etgenera,

78 2195 121 2258 et
179 2192 248 2254 rtes
264 2181 448 2280 generibus
459 2181 640 2278 subjectas,
666 2182 703 2256 et
717 2181 966 2262 similitudines,
983 2193 1020 2255 et
1032 2181 1201 2254 dissimili-

77 2289 125 2354 tu
150 2279 243 2374 ines,
262 2290 301 2353 et
320 2280 502 2360 contraria,
527 2289 567 2353 et
600 2277 867 2376 consequentia,
894 2291 931 2352 et
954 2287 1200 2362 consentanea,

76 2387 116 2454 et
133 2379 229 2477 quasi
245 2373 508 2478 praeeurrentia,
535 2387 575 2452 et
588 2375 845 2476 repugnantia;
874 2387 913 2452 et
929 2401 1070 2452 caussas
1083 2401 1201 2462 rerum

78 2477 342 2579 vestigabimus,
366 2484 466 2577 etee,
491 2499 634 2574 quaeex
646 2475 774 2552 caussis
790 2485 866 2551 orte
881 2488 988 2566 sunt;
1011 2486 1049 2552 et
1062 2476 1203 2578 majora,

23 2615 31 2628 =
75 2577 183 2675 paria,
207 2576 341 2650 minora
355 2597 566 2673 quaeremus.

130 2674 214 2748 XL.
240 2673 301 2770 Ea,
314 2673 509 2770 conjunctis
523 2675 573 2748 sie
585 2686 791 2774 argumenta
806 2678 1006 2762 ducuntur3
1031 2677 1066 2750 Si
1082 2676 1202 2774 pietati

73 2795 221 2845 summa
235 2771 418 2845 tribuenda
428 2772 504 2868 laus
520 2782 588 2858 est,
613 2775 744 2851 debetis
763 2777 902 2857 moveri,
913 2776 994 2849 earn
1003 2775 1054 2858 Q.
1071 2771 1199 2846 Metel·

73 2869 149 2944 lum
165 2880 235 2946 tam
259 2871 315 2968 pie
334 2871 453 2968 lugere
483 2869 636 2948 videatis.
684 2875 742 2950 Ex
764 2899 894 2972 genere
917 2874 1059 2955 autem3
1082 2871 1118 2942 Si
1134 2894 1201 2943 ma·

73 2967 239 3068 gistratus
267 2969 307 3044 in
332 2969 452 3068 populi
478 2969 625 3044 Romani
647 2982 821 3070 potestate
849 2997 927 3046 esse
949 2970 1091 3050 debent,
1116 2965 1200 3062 quid

75 3065 288 3143 Norbanum
303 3091 445 3142 accusas
462 3067 561 3166 eujus
577 3069 773 3146 tribunates
799 3070 967 3146 voluntati
996 3066 1107 3167 paruit
1123 3063 1200 3138 civi·

72 3162 186 3237 tatis?
212 3165 270 3238 Ex
291 3175 388 3264 parte
403 3175 525 3254 autem
545 3191 604 3251 ea,
630 3193 713 3266 quae
741 3184 797 3244 est
817 3170 971 3264 subjecta
986 3162 1128 3264 generi3
1145 3162 1201 3238 ³Si

73 3284 212 3344 omnes,
236 3263 298 3359 qui
314 3263 526 3362 Reipublieae
542 3268 744 3349 consuunt,
761 3268 828 3341 sari
844 3266 945 3339 nobis
962 3289 1040 3340 esse
1061 3262 1200 3348 debent,

74 3359 176 3434 certe
194 3359 364 3458 inprimis
380 3363 617 3460 imperatores,
630 3389 781 3460 quorum
798 3363 967 3446 oonsilils,
979 3364 1118 3442 virtute,
1142 3385 1201 3459 pe

77 3503 80 3508 ¹
116 3528 229 3584 aaliud
256 3493 403 3584 coriailiuria
421 3523 604 3602 superbum
637 3526 732 3604 auum,
754 3531 899 3606 arrogans
911 3555 924 3599 ,-
950 3533 1098 3596 eamdam,
1122 3525 1198 3604 eto]

75 3603 159 3666 MS!
174 3606 275 3666 Mead.
289 3608 571 3680 lubet-aafierbum
586 3617 649 3670 aive
662 3631 816 3685 arrogans,
829 3631 882 3668 aua
897 3622 1000 3682 sponte
1014 3609 1201 3666 temerarium
1230 3615 1232 3619 '

63 3685 203 3754 sciisset:
221 3691 440 3758 arcedonem.
467 3691 556 3750 Unde
573 3689 677 3766 opinor
697 3694 867 3768 legendum,
889 3692 969 3748 aliud
982 3689 1129 3746 canalium
1144 3687 1199 3766 (sc.

72 3759 252 3844 instituere),
266 3771 440 3838 superbum.-
460 3789 513 3828 aua
527 3779 629 3839 sponte
649 3771 858 3848 (erficere),
872 3770 1198 3842 temerariumsuiaaete

73 3845 537 3914 utendum,ete.1stav'erbaaive
552 3868 716 3922 arrragana
738 3852 873 3910 videntur
882 3849 941 3908 huc
952 3851 1074 3910 adducta
1083 3865 1149 3909 esse
1160 3861 1200 3902 ex

74 3921 223 3999 margine,
236 3921 288 3982 ubi
299 3923 501 4002 significabant
513 3928 586 3987 illud
602 3933 741 4002 superbie
756 3947 849 4008 genus
861 3926 910 3987 nte
918 3923 1053 4007 intelligi,
1064 3947 1121 4006 quo
1130 3923 1197 3998 quis

76 4001 146 4076 plus
157 4001 240 4080 justo
251 4003 307 4062 sibi
316 4021 457 4090 aerogat:⁴
473 4009 560 4086 quale
571 4021 617 4068 est
635 4012 711 4070 velle
721 4011 800 4066 aliud
815 4013 974 4086 consiliam,
987 4013 1052 4068 loco
1064 4009 1199 4068 Senatus,

73 4083 238 4164 instituere.
278 4083 314 4142 In
326 4087 448 4162 vulgata·
462 4087 590 4149 lectione
603 4107 661 4148 vox
671 4107 755 4146 auum
769 4087 853 4161 plane
868 4079 1147 4168 mendosaestecslm
1162 4077 1200 4136 ad

75 4177 182 4220 vocem
201 4166 347 4226 consilium
360 4169 511 4238 referatur
523 4185 592 4243 quse
611 4167 661 4226 hle
675 4165 820 4242 signifieat
834 4182 946 4230 oretum
957 4165 1198 4225 consulentium:

73 4239 113 4298 de
123 4243 179 4298 boc
190 4241 257 4301 vide
268 4244 380 4308 Notam
391 4239 428 4306 ad
439 4249 535 4316 verba,
551 4249 707 4305 Videndum
717 4249 773 4304 sibi
784 4250 864 4306 aliud
877 4267 937 4306 ease
952 4245 1106 4305 consiliam,
1115 4234 1159 4314 111
1174 4242 1198 4294 ¹·

115 4323 180 4376 Νι·
199 4319 306 4392 omnes,
328 4324 380 4396 qai
402 4327 575 4395 Reilsublicae
597 4323 773 4406 consuluere]
799 4327 911 4386 Sensus
930 4335 994 4384 este
1025 4318 1057 4376 Si
1080 4315 1213 4396 unquis

72 4397 185 4472 Remp.
194 4401 332 4478 adjuvant
345 4403 487 4476 consiliis,
498 4404 557 4463 cari
566 4425 631 4466 esse
642 4409 748 4466 debent
758 4401 774 4476 ;Ἰ
787 4401 986 4478 multomagis
997 4399 1197 4474 Imperatores
1242 4425 1244 4432 a

71 4476 129 4547 illi,
143 4477 196 4552 qui
207 4496 264 4538 non
278 4481 376 4544 soldm
391 4481 531 4557 consiliis,
545 4487 639 4545 sedet
652 4487 716 4547 aliis
733 4490 830 4554 rebus,
844 4503 884 4540 sc.
899 4477 1065 4541 fortitudine
1079 4493 1109 4540 st
1122 4477 1200 4556 peti·

72 4555 148 4641 calis
163 4559 333 4648 subeundis,
347 4561 415 4641 eJus
428 4565 557 4624 salutern
571 4577 601 4627 et
614 4565 788 4655 dignitatern
801 4574 928 4623 tuentur.
959 4563 961 4570 “
1085 4563 1086 4568 ’
