2854 5016
263 442 293 492 ,ὁ
662 431 945 498 DEDRATORE

273 579 486 680 cogitatione
516 584 686 676 poterant,
705 581 1047 674 consequebantur:
1089 583 1169 674 post
1203 588 1345 662 autem,

271 679 401 754 auditis
430 675 624 772 pretoribus
652 674 801 756 Graecis,
825 676 1057 770 cognitisque,
1071 679 1189 750 'esium
1215 676 1346 756 literis,

270 776 499 871 adhibitisque
525 773 737 852 doctoribus,
762 771 953 844 incredibili
980 769 1135 866 quo'dam
1151 774 1257 848 nostri
1276 774 1346 846 h'o·

269 873 382 950 mines
398 871 550 945 ‚dicendi
583 870 699 942 studio
734 870 1001 965 flagraverunt
1044 868 1239 942 ‘Excitabat
1260 895 1346 944 eos

269 970 476 1070 magnitudo
503 978 542 1040 et
556 965 999 1064 varietas‚¹multitudoque
1023 964 1194 1038 inomni·
1208 991 1344 1062 genere

269 1091 488 1152 caussarum
512 1074 552 1138 ut
569 1065 618 1138 ad
641 1089 720 1140 eam
745 1066 950 1144 doctrinam,
973 1086 1082 1161 quam
1106 1065 1345 1161 unoquisque

268 1168 387 1242 studio
415 1171 598 1239 assecutus
623 1173 727 1244 esset,
758 1163 1004 1260 adjungeretur
1025 1184 1136 1234 usus·
1155 1161 1342 1258 frequens,

267 1265 328 1362 qui
345 1264 502 1338 onmium
525 1261 769 1356 magistrorum
785 1269 963 1358 praeoepta
979 1267 1170 1355 superaret.
1223 1261 1345 1334 Erant

199 1354 204 1370 '
267 1361 389 1437 autem
418 1360 497 1434 huic
525 1357 641 1432 studio
655 1360 832 1440 maxima,
856 1365 940 1456 quus
969 1369 1226 1453 nunc'quoque
1242 1367 1344 1438 sunt,

263 1459 430 1558 errpositu¹
452 1457 606 1556 'praemia
631 1457 684 1530 vel
701 1457 757 1530 ad¹
771 1454 1013 1554 gratiam'vel
1035 1455 1082 1526 ad
1098 1477 1190 1551 opes,
1215 1453 1278 1526 vel·
1291 1455 1346 1528 ad

236 1637 239 1642 ,
267 1557 484 1632 diomtatem.
537 1556 693 1652 Ingenia
710 1555 792 1628 re‘ro
812 1557 869 1645 (ut
884 1553 1001 1628 multis
1015 1553 1136 1624 'rebus'
1148 1575 1344 1652 masuetus

261 1617 435 1749 judicare)
465 1663 670 1726 nostrorum
695 1653 878 1746 hominum
894 1651 1046 1728 multum
1069 1648 1211 1724 coeteris
1229 1649 1343 1723 homi·

268 1752 376 1826 nibus
408 1752 566 1824 oninium
600 1751 766 1847 gentium
799 1750 1051 1848 praestiterunt.
1118 1745 1275 1828 Quibus
1295 1746 1343 1820 de

265 1849 413 1928 caussis,
438 1850 516 1942 quis
529 1873 602 1920 non
615 1849 694 1944 jure
709 1850 866 1927 miretur,
891 1871 935 1918 ex
952 1845 1047 1920 omni
1071 1846 1342 1922 memoriaen-

265 1953 356 2021 tum,
369 2004 371 2015 ,
382 1951 595 2033 temporum,¹
619 1945 819 2014 'eivitatium
854 1949 927 2006 tum
944 1943 1149 2028 ordgarum
1160 1951 1344 2030 qpqtopum

266 2059 452 2112 numerum
471 2029 643 2104 inveniri?
667 2031 736 2102 Sed
761 2029 925 2104 nimirum
949 2029 1060 2124 majus
1078 2038 1133 2102 est
1149 2031 1215 2105 hoc
1237 2037 1344 2129 ¹quid<

266 2136 359 2215 dam,
383 2123 668 2231 quimhomines
685 2126 890 2226 opinantur,
914 2138 953 2202 et
974 2127 1128 2224 pluribus
1146 2131 1342 2208 exortibus
1417 2157 1418 2162 ¹

266 2233 462 2328 studiisque
478 2227 678 2302 collectum.
1085 2261 1087 2266 ·
1113 2261 1116 2270 ·
1135 2269 1137 2274 ·
1417 2225 1418 2260 ³

281 2393 285 2400 ·
316 2351 362 2419 V,
388 2348 481 2430 Quis
507 2347 603 2420 enim
625 2345 723 2419 aliud
748 2347 786 2419 in
813 2347 967 2422 maxima
989 2346 1199 2420 discentium
1224 2349 1343 2422 multi

227 2509 231 2520 .
265 2447 399 2526 tudine,
436 2444 845 2538 s'umma'magistrorum
878 2446 989 2542 copia,
1026 2444 1339 2542 praestantissimis

268 2543 452 2616 hominurn
479 2540 642 2637 ingeniis,
666 2541 807 2615 infinita
830 2543 1034 2616 caussarum
1056 2543 1241 2623 varietate,
1266 2555 1340 2619 a'm·

264 2640 423 2738 piissimis
438 2639 653 2737 eloquentiae
672 2640 850 2738 propositis
870 2639 1032 2738 praemiis,
1044 2663 1121 2713 esse
1138 2665 1259 2714 causae
1270 2655 1335 2739 'pu-

266 2750 329 2820 tet,
355 2738 421 2812 nisi
448 2739 498 2811 rei
520 2737 706 2834 quandam
730 2738 968 2812 incredibilem
993 2739 1339 2836 magnitudinem‘ac

266 2833 532 2910 difficultatem?
556 2839 623 2909 Est
643 2836 738 2908 enim
765 2847 802 2908 et
831 2837 981 2908 scientia
1007 2837 1338 2932 comprehendenda
1416 2845 1417 2932 j

263 2957 379 3006 rerum
396 2935 632 3030 plurimarum,
656 2932 823 3030 sineque
849 2934 1031 3006 verborum
1047 2933 1244 3006 volubilitas
1261 2935 1337 3010 iira-
1416 2937 1417 3024 l

264 3031 319 3104 nis
338 3042 449 3128 atque
475 3029 652 3102 irridenda
676 3040 752 3102 est:
778 3039 814 3101 et
842 3030 916 3128 ipsa
941 3029 1054 3104 oratio
1075 3031 1338 3106 conformanda
1416 3109 1417 3120 2

265 3129 477 3201 noneollrm
499 3127 680 3206 electione,
705 3127 768 3200 sed
792 3127 1196 3202 etiam'uonstructione
1221 3130 1340 3201 verbo-

264 3248 363 3310 rum:
389 3233 427 3294 et
450 3249 570 3298 omnes
599 3227 795 3299 animorum
810 3232 938 3304 motus,
963 3250 1053 3323 quos
1080 3226 1263 3299 hominum
1278 3249 1336 3344 ge·
1416 3229 1417 3308 Ῑ

266 3320 340 3392 neri
357 3343 473 3390 rerum
489 3329 620 3390 natura
641 3322 772 3403 tribuit,
784 3323 938 3418 »penitus
956 3322 1213 3419 pernoscendi}
1237 3323 1336 3419 quod
1416 3335 1417 3387 t

265 3418 379 3493 omnis
394 3415 445 3488 vis
461 3415 623 3511 ratioque
640 3417 778 3488 dicendi
792 3419 830 3488 in
847 3433 977 3501 eorum,
989 3422 1049 3516 qui
1067 3421 1334 3497 audiuntmen-

265 3517 359 3588 tibus
374 3526 434 3586 aut
452 3511 616 3584 sedandis
632 3522 696 3585 aut
711 3513 907 3588 excitandis
923 3512 1152 3612 exprimenda
1169 3521 1231 3584 est.
1261 3513 1334 3589 ‘Ac-

265 3613 369 3686 cedet
384 3609 507 3683 eodem
525 3613 661 3706 ‘oportet
681 3609 776 3706 lepos
793 3606 938 3708 quidam
953 3609 1178 3705 facetiaeque,
1203 3618 1242 3684 et
1255 3636 1333 3685 eru·

265 3709 351 3782 ditio
377 3708 483 3779 libero
504 3706 621 3804 digna,
646 3705 874 3806 celeritasque
901 3718 939 3780 et
964 3706 1120 3779 brevitas.
1141 3717 1178 3781 et
1194 3731 1332 3820 respon-

266 3805 374 3878 dendi
391 3814 430 3877 et
445 3804 654 3886 lacessendi,
680 3805 796 3878 subtili
808 3813 994 3877 venustate
1012 3814 1121 3900 atque
1134 3807 1332 3880 urbamtate

266 3903 472 4000 conjuncta.
521 3903 701 3976 Tenenda
729 3912 901 4003 praeterea
929 3911 984 3974 est
1010 3901 1123 3974 omnis
1139 3904 1331 4000 antiquitas
1415 3981 1416 3984 ,

267 4001 576 4101 exemplorumque
592 4001 664 4074 vis:
681 4001 796 4098 neque
808 3999 924 4096 legum
936 4008 1005 4072 aut·
1011 3998 1097 4094 juris
1107 4001 1213 4075 civilis
1224 4001 1332 4074 soien-
1415 4073 1416 4080 ,

267 4103 318 4174 tia
342 4097 554 4194 negligenda
579 4108 644 4170 est.
684 4099 791 4188 J'Nam
816 4096 903 4194 quid
929 4121 994 4192 ego
1023 4098 1066 4170 de
1095 4099 1330 4195 actione'ipsu

268 4197 368 4292 plura
400 4193 530 4280 elisam?
554 4219 637 4293 quse
672 4208 770 4270 motu
798 4193 960 4291 corporis,
995 4219 1079 4294 quae
1107 4205 1221 4292 gestu,
1247 4211 1329 4293 q'uae

213 4307 218 4328 ³
267 4295 377 4376 vultu,
401 4316 483 4390 quae
501 4294 592 4368 vocis
610 4291 886 4370 conformatione
904 4318 952 4376 au
963 4304 1136 4373 varietate,
1148 4293 1329 4374 moderan-
