2830 5014
197 331 261 386 uu
616 323 675 388 DE
690 322 898 388 umacus

197 477 311 548 ‚breve
324 470 463 568 aliquod
483 469 629 553 dictum,
645 497 714 548 nec
737 471 813 546 sine
838 469 1008 570 dignitate
1024 477 1062 544 et
1087 491 1165 542 cum
1178 467 1326 564 lepore:

209 571 296 646 nihil
311 569 403 644 enirn
418 581 488 644 tam
505 571 619 650 facile,
637 573 742 668 quam
758 571 957 651 multitudo,
974 573 996 642 ai
1016 567 1156 642 tristitia
1171 577 1207 638 et
1222 587 1320 660 saepc

207 670 251 744 ab
261 668 444 742 acerbitate
460 664 642 746 commode
659 695 699 742 ac
715 669 862 742 breviter
878 677 916 738 et
932 667 1034 740 acute
1054 676 1090 740 et
1105 665 1211 740 hilari:
1226 662 1324 735 dicto

207 766 402 844 deducitur.
1077 764 1080 782 ¹
1153 841 1159 852 ¹

256 865 459 940 LXXXIV.
484 866 637 964 Exposui
654 866 736 948 sere,
748 874 788 939 ut
801 864 908 962 potui,
923 863 1030 944 vobis,
1041 862 1079 934 in
1093 871 1244 956 utraque
1262 880 1323 953 ge-

209 985 292 1036 nere
303 989 498 1038 caussarum
514 989 597 1062 quae
610 965 707 1060 sequi
725 965 883 1044 solerem,
895 986 977 1061 quae
987 962 1122 1057 fugere,
1135 983 1216 1056 quae
1229 979 1326 1054 spec

207 1071 293 1142 tare,
309 1062 605 1158 quaquecmnino
621 1063 659 1136 in
671 1063 800 1137 caussis
823 1062 957 1136 ratione
974 1059 1110 1134 versari.
1159 1057 1264 1130 8Νεο
1288 1052 1330 1123 il-

206 1157 269 1236 lud
280 1159 434 1238 tertium,
450 1157 699 1241 laudationum,
714 1185 826 1256 genus
844 1171 898 1232 est
910 1160 1057 1241 difficile,
1075 1156 1169 1254 quod
1182 1179 1246 1252 ega
1260 1152 1333 1224 intr

209 1255 262 1330 tio
273 1257 369 1354 quasi
388 1259 408 1326 a
425 1254 596 1351 preceptis
612 1257 742 1328 nostris
758 1281 992 1330 secreveram:
1017 1258 1079 1330 sed
1096 1253 1227 1350 etquis
1241 1248 1335 1326 mirl-

198 1359 247 1428 ¹ta
258 1366 343 1426 sunt
357 1353 553 1428 orationum
569 1377 697 1448 genera
711 1362 746 1434 et
758 1354 920 1448 grauiora,
942 1363 979 1424 et
995 1353 1131 1448 majoris
1144 1349 1267 1447 copiae,
1286 1345 1336 1418 de

211 1455 338 1551 quibus
355 1476 459 1526 nemo
469 1451 541 1524 sere
569 1450 771 1547 praeciperet
781 1476 792 1534 ;
816 1463 854 1524 et
870 1449 968 1545 qubd
994 1474 1062 1528 nos
1077 1448 1343 1522 laudationibus

212 1577 288 1624 non
307 1549 355 1623 ita
367 1548 519 1623 multum
536 1549 589 1622 uti
615 1550 843 1631 ⁹soleremus,
861 1559 972 1622 totum
990 1549 1086 1622 hunc
1107 1547 1341 1642 segregabam

212 1650 341 1722 locum.
394 1649 408 1697 ¹
423 1647 494 1745 Ipsi
508 1647 603 1720 enim
619 1646 751 1726 Graeci,
763 1648 869 1745 magis
886 1647 1024 1742 legendi
1039 1655 1076 1718 et
1091 1639 1348 1719 delectationis

213 1755 272 1820 aut
286 1745 436 1820 hominis
454 1746 603 1843 alicujus
614 1746 772 1826 ornandi,
796 1744 1074 1839 quimatilitatis
1101 1742 1205 1836 hujus
1219 1740 1342 1814 loren-

214 1845 261 1918 sis
272 1869 405 1926 caussa,
421 1846 636 1918 laudationes
653 1845 950 1941 comptitaverunt:
975 1863 1124 1937 quorum
1139 1846 1222 1911 stmt
1244 1834 1339 1918 libri,

216 1942 342 2035 quibus
358 1942 623 2024 Themistocles,
646 1942 830 2021 Aristides,
854 1939 1050 2037 Agesilaus,
1066 1934 1340 2034 Epaminondas,

216 2037 411 2135 Philippus,
428 2037 641 2120 Alexander,
666 2039 796 2135 aliique
809 2038 1003 2111 laudantur.
1053 2037 1198 2110 Nostrae
1222 2031 1340 2108 lauda-

217 2136 344 2219 tiones,
370 2135 496 2234 quibus
516 2137 553 2210 in
565 2136 646 2220 'faro
661 2135 808 2218 utimur,
829 2147 892 2210 aut
916 2134 1108 2212 testimonii
1135 2133 1337 2207 brevitatem

217 2235 348 2310 habent
372 2236 506 2310 nudam
523 2247 628 2336 atque
645 2236 849 2319 inornatam,
876 2245 937 2308 aut
963 2234 1159 2308 scribuntur
1180 2233 1224 2306 ad
1239 2229 1337 2307 lune-

219 2334 554 2414 brem-concionem,¹
569 2359 652 2430 quae
668 2335 711 2406 ad
723 2335 889 2408 orationis
901 2334 1039 2408 laudem
1047 2333 1194 2406 minime
1208 2353 1338 2404 accom-

219 2430 357 2502 modata
372 2440 436 2500 est.
486 2433 555 2500 Sed
571 2441 699 2510 tamen,
713 2430 879 2526 quoniam
891 2441 946 2504 est
955 2432 1126 2504 utendum
1140 2427 1339 2527 aliquando,

130 2567 137 2578 ·
209 2547 491 2620 nonnumquam
520 2526 624 2600 etiarn
652 2529 888 2610 scribendum,
913 2527 998 2602 ²vel
1023 2538 1064 2602 ut
1090 2530 1131 2600 Ρ.’
1156 2525 1338 2601 Tuberoni

220 2621 423 2696 Africanum
441 2625 651 2698 avunculum
675 2625 829 2698 laudanti
856 2625 992 2724 scripsit
1008 2627 1049 2700 C.
1068 2627 1214 2708 Laelius,
1231 2625 1285 2710 vel
1297 2633 1341 2696 ut

139 2807 156 2822 ,
213 2720 430 2818 ¹nosmetipsi
447 2723 591 2794 ornandi
621 2747 740 2796 caussa
755 2721 966 2798 Graecorum
981 2749 1089 2807 more,
1113 2725 1145 2798 si
1158 2748 1248 2822 quos
1263 2720 1341 2795 veli-

159 2867 162 2872 ,
222 2844 311 2902 tuus,
325 2819 461 2894 laudare
474 2821 656 2918 possimus,
667 2820 852 2894 sitanobis
862 2847 1002 2918 quoque
1014 2815 1178 2894 tractatus
1188 2823 1217 2892 is
1229 2823 1340 2895 locus.

223 2917 450 3016 Perspicuum
475 2929 530 2990 est
559 2919 677 3015 igitur,
703 2919 767 2992 alia
792 2943 868 2993 esse
883 2920 921 2992 in
935 2919 1073 2992 bonrine
1089 2918 1251 3016 optanda,
1279 2918 1344 2990 alia

226 3015 405 3091 laudanda.
453 3015 591 3100 Genus,
605 3019 729 3101 forma,
741 3018 840 3100 uires,
856 3042 951 3116 opes,
967 3015 1119 3100 divitiae3
1141 3021 1343 3112 caeteraque
1396 3105 1397 3108 Ἴ

266 3141 399 3218 sValgo
414 3141 475 3200 Nec
489 3144 564 3201 ittaat
574 3148 694 3202 tercium
707 3147 901 3203 laudationum
914 3141 1027 3224 genua]
1052 3141 1213 3202 Lambinus
1226 3140 1342 3202 censuit
1396 3139 1397 3216 l

226 3221 380 3309 delendam
400 3235 505 3282 rocem
515 3225 706 3283 laudationum
720 3232 848 3302 :lneque
861 3223 944 3284 enim
956 3219 1074 3300 (inquit)
1089 3221 1148 3281 tria
1164 3233 1232 3280 sunt
1245 3223 1341 3282 lando·

219 3311 343 3367 ›trouum
357 3319 475 3378 genera.
516 3305 575 3362 Sed
585 3303 657 3361 nihil
671 3320 771 3364 muto:
787 3306 886 3362 solum
899 3315 964 3380 post
975 3321 1079 3361 vocem
1093 3307 1211 3360 tertiam
1225 3317 1341 3363 comma

227 3379 359 3436 colloco:
380 3375 447 3440 Hoc
461 3400 566 3442 sensu:
589 3383 656 3439 Nec
669 3383 742 3442 illud
763 3382 884 3444 tertium
898 3401 1002 3460 genus,
1017 3383 1130 3451 scilicet
1142 3380 1342 3440 laudationum

229 3475 334 3530 genus,
347 3472 402 3517 etc.
423 3459 480 3517 Cui
493 3458 589 3519 simile
601 3473 646 3520 est
659 3461 731 3520 illud
745 3463 775 3522 in
788 3461 830 3521 iii.
844 3468 890 3518 32.
935 3463 1051 3520 Tertiae
1065 3463 1111 3519 ill‘e
1126 3463 1235 3532 madar,
1248 3472 1343 3519 trana-
1395 3479 1396 3508 r

218 3537 341 3603 =furandi
355 3543 448 3607 verbi,
461 3536 517 3597 lati
526 3547 619 3608 stater.
1226 3541 1232 3548 ⁴

217 3663 219 3668 .
270 3621 287 3668 9
302 3614 482 3697 salamana]
503 3619 588 3678 Forte
603 3625 723 3682 solemus
731 3645 744 3690 ,·
763 3634 796 3683 ut
809 3635 885 3693 ante,
897 3628 988 3682 multa
1001 3633 1068 3682 sunt
1080 3628 1237 3682 arationum
1251 3637 1343 3694 gent·

231 3711 266 3748 ra
278 3712 286 3747 a
306 3699 353 3753 vel
366 3697 462 3772 potius
475 3699 515 3758 ibi
528 3703 605 3778 lege,
620 3717 722 3760 essent.

277 3775 451 3864 tIpeiUenim
473 3783 573 3850 Greci,
599 3787 693 3855 magis
704 3788 820 3856 legendi
834 3798 862 3841 et
875 3785 1078 3850 delectationis,
1097 3779 1172 3862 etc]
1194 3777 1344 3842 Manutius

222 3853 441 3924 etlambmus,
454 3855 586 3936 itemque
602 3862 708 3921 MStus
721 3864 800 3922 Harl.
818 3882 858 3938 pr.
873 3883 912 3921 ex
923 3863 1119 3922 emendatoris
1141 3881 1231 3921 manu
1251 3865 1343 3935 habet,

220 3935 299 4002 ,Ipsi
307 3936 377 3990 enim
396 3934 486 4024 Greci
496 3943 617 4011 legendi,
626 3941 677 4019 qui
688 3950 780 4015 magia
793 3944 994 4010 delectationis,
1004 3955 1058 4001 etc.
1080 3943 1140 4004 Sed
1147 3941 1250 4018 opirror
1260 3942 1346 4004 Cice·

234 4029 338 4072 runem
353 4029 515 4104 scripstssc,
532 4021 595 4088 [fiai
618 4026 691 4080 enim
719 4025 820 4094 Greci,
847 4026 939 4092 magia
951 4025 1064 4093 legendi
1076 4039 1126 4082 aar
1140 4025 1344 4090 delectationis,

234 4103 291 4152 etc.
306 4105 401 4168 posito
423 4111 569 4154 commate
583 4114 647 4174 post
660 4122 762 4162 vocem
779 4103 880 4172 Greci,
894 4114 923 4160 et
936 4105 1073 4176 copulam
1087 4118 1114 4160 et
1128 4103 1157 4162 in
1166 4113 1217 4158 aut
1228 4113 1343 4162 mutata·
1393 4119 1394 4128 ¹

234 4171 270 4228 In
283 4186 405 4263 utraque
419 4171 542 4232 lectione
561 4177 638 4238 istud
650 4187 765 4254 legendi
786 4201 843 4240 non
858 4193 905 4242 est
927 4180 1075 4258 supinum,
1095 4184 1146 4242 sed
1160 4180 1346 4259 participium

236 4265 387 4324 passivum
397 4252 513 4312 numeri
526 4256 653 4328 pluralis.
880 4287 885 4294 ·
1128 4287 1130 4292 ·

278 4336 294 4384 2
307 4337 355 4387 vet
368 4344 401 4386 ar
415 4337 453 4392 P.
477 4335 636 4419 Tuberoni]
656 4341 700 4398 Ita
714 4337 875 4400 Lambinus
890 4361 898 4398 r
919 4343 999 4404 recte
1014 4362 1022 4411 ;
1043 4339 1174 4418 sequitur
1187 4340 1279 4411 enlm,
1301 4347 1347 4398 vel

237 4416 271 4462 at
282 4423 388 4498 noeanet
401 4417 466 4482 ipsi.
506 4413 620 4492 Valgia,
634 4425 726 4476 vetur.
767 4420 880 4480 Laelius
903 4421 1020 4501 scripsit
1030 4420 1200 4494 orationem,
1213 4441 1274 4502 qua
1286 4435 1346 4484 utc-

238 4497 319 4546 retur
331 4505 362 4545 m
375 4497 518 4554 staticula
528 4515 583 4557 suo
596 4499 737 4560 laudando
747 4499 879 4562 Tubero.
