2808 5020
481 337 755 416 ,uenena
1128 349 1186 426 tu

78 497 206 576 tinen
218 491 342 587 secet,
355 479 457 579 quud
467 483 554 562 nihil
570 487 755 585 quisquan
768 507 936 584 tnnqturn
947 511 1004 564 me
1015 481 1183 568 audiente

76 593 160 692 egit
171 595 294 666 orator,
317 583 414 680 quod
430 609 506 659 non
522 585 561 663 iu
577 586 745 660 memorie
756 611 833 666 mes
848 587 988 685 penitus
1005 585 1184 664 insederit.

78 691 207 787 Atque
224 707 292 780 ego
306 681 335 754 is
350 681 426 778 (qui
447 705 539 764 sum.
556 693 862 780 quantuscumque
879 686 1016 761 eumad
1030 684 1186 782 judicen-

78 779 372 878 dum)„omnibns
383 780 513 864 cuditis
525 781 729 862 oratoribus,
740 781 816 854 sine
828 783 897 855 ulls
908 783 1126 860 dubitatione
1137 783 1187 862 sic

80 896 204 962 statuo
218 891 254 964 st
265 879 398 976 judico,
425 877 604 962 neminem
621 879 779 954 omnium
796 889 850 954 tot
865 891 1031 966 ettonis,
1055 892 1186 980 quante

84 994 176 1062 suut
184 985 220 1056 in
228 982 371 1060 Crasso,
380 977 544 1052 habuisse
553 987 763 1052 ornamenta
771 977 923 1054 dicendi.
935 980 1187 1064 Quamobrem,

78 1085 111 1162 si
128 1107 189 1157 vus
203 1101 353 1180 quoque
369 1076 437 1156 huc
454 1076 545 1150 idem
561 1075 781 1160 existimetis,
807 1100 883 1150 non
899 1079 976 1160 erit,
993 1089 1037 1154 ut
1053 1081 1188 1178 opinor,

77 1182 208 1280 iniqua
221 1175 371 1276 furtiuo,
386 1175 427 1257 si,
449 1173 532 1248 edm
548 1199 616 1272 ego
631 1175 729 1250 hunc
753 1185 938 1260 crotonem,
962 1201 1070 1275 quem
1086 1203 1187 1256 nuno

78 1283 193 1378 fingo,
218 1289 261 1353 ut
276 1273 421 1358 institui,
439 1297 567 1355 creato,
582 1273 712 1356 aluere,
723 1275 946 1356 confirmare,
960 1276 1093 1352 trudam
1102 1301 1187 1356 eum

14 1453 16 1474 s
78 1379 215 1454 Crasso
229 1383 267 1448 et
284 1372 503 1448 vestiendum
515 1382 554 1446 et
570 1373 783 1448 ornandum.
835 1373 932 1448 Tum
948 1374 1107 1456 Crassus,
1123 1375 1186 1452 Tu

14 1477 16 1556 l
78 1475 174 1559 verb,
187 1473 316 1571 inquit,
330 1472 480 1554 Antoni,
494 1495 612 1568 perge.
623 1483 666 1544 ut
677 1468 871 1544 instituisti:
896 1473 1120 1568 nequeenim
1133 1481 1188 1553 esi
1291 1465 1298 1494 ’

14 1559 16 1642 l
78 1575 166 1650 boni
182 1599 300 1670 neque
325 1570 475 1646 liberalis
492 1569 655 1668 parentis,
680 1569 787 1666 quem
804 1571 991 1666 procrearit
1006 1582 1043 1644 et
1058 1571 1188 1646 eduxs-

14 1657 16 1748 i
78 1674 140 1758 rit,
163 1695 246 1755 eum
262 1697 337 1764 non
352 1678 388 1742 et
412 1669 541 1760 vestire
554 1677 592 1742 st
608 1691 732 1742 ornere
744 1692 755 1751 3
819 1669 972 1746 uesertim
985 1669 1068 1746 cium
1085 1679 1122 1744 te
1139 1669 1187 1744 lo·

14 1749 16 1834 i
79 1771 355 1868 cupietemesse
371 1791 500 1864 negare
514 1767 721 1863 nonpossis.
770 1691 881 1850 guod
894 1768 990 1842 enim
1003 1793 1187 1844 ornamen-

14 1841 16 1964 i
83 1879 176 1951 tum,
190 1889 275 1968 quae
291 1867 353 1946 vis,
365 1864 582 1961 quianimus,
600 1887 686 1961 quse
695 1864 845 2034 dignitas
860 1865 907 1938 illi
920 1867 1048 1942 oratori
1060 1867 1186 1958 uelut.

14 1965 16 2060 ξ
80 1968 143 2065 qui
172 1967 211 2040 in
236 1989 358 2038 caussa
373 1961 566 2062 peroranda
590 1987 665 2036 non
681 1963 730 2036 du
754 1962 849 2036 itavit
878 1965 1028 2040 excitare
1053 1967 1184 2042 ⁵reum

14 2085 16 2144 t
80 2065 316 2146 consulerem,
331 2073 368 2136 et
383 2061 459 2158 ejus
474 2059 658 2144 diloricare
672 2061 837 2142 tunicam,
862 2072 898 2138 et
909 2063 1081 2160 judicibus
1098 2063 1188 2140 cice-

14 2159 16 2252 i
78 2165 188 2239 trices
203 2162 362 2236 adversas
375 2161 470 2234 senis
481 2159 914 2256 imperatorisostendere?
931 2164 993 2259 qui
1003 2163 1107 2243 idem,
1118 2162 1187 2248 hoc

14 2285 15 2292 ¹
78 2271 277 2340 accusante
292 2259 456 2359 Sulpiu'o,
473 2257 557 2334 cnm
573 2259 775 2336 6hominem
792 2257 996 2336 seditiosum
1009 2259 1188 2342 furiosum·

78 2387 151 2458 que
163 2360 381 2442 defenderet,
398 2383 476 2432 non
488 2357 661 2434 dubitavit
677 2357 868 2438 seditiones
883 2357 976 2460 ipsas
992 2383 1132 2442 ornare,
1149 2368 1188 2436 et

14 2469 16 2499 *
80 2462 323 2536 demonstrare
340 2457 547 2554 gravissimis
563 2457 674 2532 verbis
690 2458 824 2534 multos
841 2481 936 2558 soepe
961 2459 1112 2560 impetus
1127 2483 1187 2559 po·

15 2583 17 2634 t
79 2560 155 2658 puli
171 2557 404 2653 noninjnstos
415 2581 504 2640 esse,
514 2581 606 2654 quos
617 2558 634 2610 ⁷
646 2567 820 2655 praestare
833 2585 938 2634 nemo
949 2557 1083 2657 possit?
1098 2559 1188 2644 rnul-

15 2649 17 2690 ἓ
79 2666 142 2730 tos
159 2655 324 2733 etiemsss
337 2654 525 2753 Republica
533 2655 1186 2754 seditionessaepeeuefaeunuteum

81 2781 184 2854 reges
197 2765 319 2834 essent
335 2752 460 2836 exacti,
479 2765 520 2827 ut
536 2753 619 2828 cium
630 2755 821 2830 tribunicia
832 2763 990 2852 potestas
1001 2762 1093 2826 esset
1104 2776 1186 2826 con·
1254 2826 1257 2833 .

83 2852 239 2929 stituta?
262 2853 359 2931 illum
376 2852 535 2926 Norbani
547 2853 761 2929 seditionem
772 2880 818 2928 ex
827 2854 927 2929 luctu
939 2851 1077 2932 civium,
1092 2860 1131 2924 et
1140 2876 1185 2926 ex

80 2953 263 3052 Coepionis
280 2952 373 3033 odio,
402 2951 463 3048 qui
488 2951 685 3030 exercitum
713 2954 886 3038 emiserat,
915 2975 1031 3050 neque
1048 2949 1185 3047 reprimi

81 3054 247 3152 potuisse,
272 3061 311 3124 et
322 3052 402 3150 jure
418 3075 493 3126 esse
518 3050 733 3128 conflatum?
757 3053 877 3126 Potuit
903 3052 960 3126 irio
986 3052 1086 3124 iocus
1114 3057 1185 3122 tum

81 3175 228 3248 anceps,
252 3159 328 3228 tam
351 3148 545 3232 inauditus,
577 3159 651 3224 tam
677 3151 842 3232 lubricus,
867 3158 940 3222 tam
957 3171 1080 3228 novus,
1107 3146 1185 3220 sine

82 3251 242 3347 quadam
258 3247 447 3323 incredibili
464 3247 496 3320 iri
512 3273 557 3322 ac
568 3249 735 3326 facultate
747 3246 886 3322 dicendi
897 3244 1060 3322 tractari?
1085 3243 1187 3326 Quid

83 3371 152 3446 ego
168 3348 212 3422 de
228 3348 299 3422 Cn.
314 3347 452 3428 Manlii,
468 3348 554 3444 quid
570 3349 613 3422 de
630 3345 680 3431 Q.
696 3347 802 3446 Regis
817 3346 1121 3426 commiseratione
1137 3345 1185 3417 di·

83 3444 190 3525 cam?
213 3446 302 3546 quid
325 3445 370 3518 de
389 3445 463 3520 eliis
475 3445 807 3522 innumerabilibus?
831 3447 870 3522 in
885 3445 1013 3545 quibus
1026 3444 1095 3518 hoc
1110 3467 1186 3520 non

82 3545 234 3626 maxime
252 3545 391 3627 enitent,
408 3546 505 3643 quod
521 3546 583 3617 tibi
596 3569 720 3622 omnes
736 3547 831 3628 dunt,
847 3569 999 3620 acumen
1007 3541 1186 3642 quoddam

83 3643 281 3742 singudures
306 3645 370 3720 sed
385 3646 466 3718 haec
482 3642 572 3741 ipsa,
590 3667 673 3740 quae
690 3671 788 3720 nune
804 3647 850 3720 ad
868 3670 925 3720 me
942 3642 1107 3742 delegare
1124 3642 1186 3729 vis,

86 3765 127 3814 ee
137 3766 272 3838 semper
287 3744 325 3818 in
340 3753 376 3816 te
391 3744 521 3820 eximia
537 3752 576 3815 et
591 3745 803 3840 praestantia
816 3747 972 3818 luerunt
1221 3791 1237 3802 ..

133 3840 263 3918 XXIX.
289 3835 387 3916 Tum
402 3842 563 3922 Catilius,
591 3844 671 3940 Ego
685 3841 782 3924 verb,
810 3842 938 3940 inquit,
954 3843 992 3926 in
1007 3848 1105 3921 vobis
1117 3845 1184 3928 heo

84 3940 238 4016 maxime
255 3941 415 4017 admirari
432 3942 540 4026 soleo,
564 3941 673 4040 quod,
688 3944 772 4040 crim
798 3940 892 4016 inter
907 3967 968 4018 vos
980 3944 1018 4018 in
1035 3938 1184 4020 dicendo
1204 3991 1207 3998 -

120 4147 135 4196 t
150 4160 233 4204 reum
247 4135 453 4218 cumularem]
464 4139 545 4200 Vide
560 4159 587 4198 c.
602 4142 651 4196 4⁷.
666 4199 670 4208 ,

122 4225 138 4273 6
151 4225 288 4279 hominem
298 4217 478 4299 seditiosum]
488 4220 567 4279 Vide
581 4240 607 4278 c.
618 4215 666 4288 47,
678 4231 735 4280 etc·
1080 4279 1083 4286 ,

124 4301 140 4354 7
148 4298 303 4380 prestare]
314 4301 385 4361 Vox
404 4308 544 4370 praetere
558 4297 706 4378 significat
719 4299 769 4370 hic
783 4299 900 4368 exitum
914 4291 1041 4374 alicujus
1053 4292 1098 4356 rei
1108 4292 1139 4358 in
1151 4317 1185 4360 te

86 4375 223 4452 recipere
266 4379 374 4446 Videi.
389 4387 439 4440 24.
454 4379 598 4444 adfinem.

124 4464 140 4513 8
155 4457 357 4539 ellefridum]
369 4459 389 4520 i.
400 4479 425 4520 e·
437 4457 495 4520 Pro
506 4463 600 4527 eduis
616 4460 811 4539 Reipublicae,
820 4456 906 4533 eique
920 4466 954 4530 ut
966 4456 1151 4536 prodessent.
