2882 5012
194 331 251 386 262
615 317 674 380 DE
694 313 902 377 ORATORE

189 473 245 548 vel
264 459 424 548 nonime,
451 463 488 539 in
515 487 586 562 quo
602 462 686 538 item
709 476 764 538 est
782 461 960 534 'auribuss
985 452 1325 550 consuetudinique·
1423 453 1425 502 l

234 568 422 652 rcendum3
446 573 507 638 sut
524 564 736 644 tramittunt,
750 560 844 658 quod
861 557 1009 632 maxime
1031 567 1206 650 tamquam
1218 553 1310 626 stel-

190 597 448 764 liquibusdam
466 672 566 738 notat
577 671 612 734 et
625 661 796 734 illuminat
808 659 1009 730 orationem.
1325 676 1328 684 ·

238 763 381 840 XLlll.
406 761 570 858 Sequitur
594 759 811 833 continuatio
826 756 1017 834 verborum,
1042 777 1124 850 quae
1143 753 1224 824 duas
1244 769 1330 820 res·

191 863 355 942 maxime,
372 861 637 934 collocationem
649 855 809 956 primbm
828 853 953 926 deinde
970 853 1114 925 modum
1130 847 1317 948 quendam

190 961 404 1056 formamque
431 957 610 1032 desiderat.
660 952 912 1028 Collocationis
940 965 1004 1032 est,
1028 971 1239 1046 componere
1270 952 1320 1054 et

190 1069 325 1134 struere
342 1059 444 1130 verbs
455 1054 516 1136 sic,
533 1065 575 1126 ut
587 1079 675 1126 neve
687 1075 785 1150 asper
802 1076 921 1124 eorum
938 1073 1141 1129 concursus,
1159 1069 1244 1120 neve
1259 1041 1323 1114 ht·
1424 1051 1425 1060 ’

188 1159 289 1232 ulcus
301 1158 357 1234 sit,
375 1153 436 1224 sed
450 1153 707 1248 quodammodo
717 1159 981 1246 coagmentatus
993 1158 1028 1220 et
1044 1148 1154 1220 laevis:
1181 1145 1216 1218 in
1234 1161 1324 1236 quo

188 1254 302 1354 lepidi
321 1250 430 1324 soceri
446 1248 512 1320 mei
527 1249 675 1344 personi
693 1248 776 1318 lusit
799 1247 841 1326 is,
858 1246 920 1342 qui
943 1243 1197 1343 elegantissimi
1216 1239 1251 1312 id
1262 1237 1326 1338 ia-

190 1349 412 1448 ceraunium,
429 1345 602 1427 Lucilium
699 1349 703 1358 “
1335 1348 1339 1359 ·

235 1455 327 1533 Quint
342 1451 534 1524 tepiditatis
545 1459 701 1520 campreste,
713 1461 749 1504 at
764 1451 909 1504 tesserula
921 1465 1014 1506 amnes

232 1547 251 1598 9
264 1539 340 1594 Arte
350 1533 527 1602 tutamento,
536 1545 622 1602 atque
634 1533 796 1588 emblemate
808 1531 995 1584 vermiculato
1007 1548 1018 1585 .·

192 1627 293 1800 (Ψ
309 1625 391 1734 clun
416 1622 557 1696 dixisset
568 1622 607 1694 in
619 1619 803 1694 Albucium
821 1617 983 1700 illudens,
1001 1619 1079 1722 nei
1096 1641 1150 1689 me
1164 1615 1335 1711 quidem-

192 1751 214 1800 e
266 1735 372 1802 murt,

237 1832 379 1890 Crassum
392 1835 478 1888 ludeo
489 1847 643 1904 generum,
654 1850 690 1888 tte
703 1826 925 1888 rhetoricotera’
943 1841 975 1884 ια
988 1828 1035 1880 sis.

195 1921 297 2006 Quid
314 1917 423 2016 ergo?
449 1921 514 1992 iste
539 1922 695 2002 Crassus,
720 1913 1137 2015 quoniamejusabuteris
1157 1911 1313 1989 nomine

195 2017 281 2116 quid
291 2015 418 2090 efficit?
444 2016 476 2066 ¹⁰
493 2017 584 2090 idem
598 2018 689 2089 illud·
701 2015 836 2094 scilicit,
850 2024 891 2087 ut
906 2016 966 2086 ille
980 2013 1102 2092 voluit,
1118 2019 1234 2107 elego
1247 2008 1326 2110 vel:
1424 2043 1425 2046 ¹

236 2173 512 2242 Sconsaetadiniqae
524 2172 700 2240 parcendum
717 2165 747 2246 ς]
761 2163 912 2226 Editiones
926 2165 1006 2222 Ven.
1020 2177 1051 2224 et
1074 2160 1197 2220 Mediol.
1208 2162 1324 2224 habent

190 2257 369 2322 florendum.
383 2251 461 2328 quod
476 2265 505 2310 et
519 2250 681 2310 Lambinus
696 2268 735 2306 ex
748 2253 764 2302 3
785 2245 881 2302 mstis
908 2243 1048 2322 protulit:
1069 2261 1125 2300 nec
1149 2241 1234 2298 aliter
1252 2241 1320 2298 fere
1424 2269 1425 2272 ¹

194 2333 345 2391 Nosterin
359 2333 476 2389 Orator.
491 2349 515 2386 c.
533 2337 578 2386 47.
595 2325 796 2388 consuetudini
810 2327 929 2381 auritus
942 2328 1107 2396 indulgenti
1127 2324 1248 2377 libenter
1264 2323 1320 2378 ob·

195 2429 321 2485 sequort
343 2408 466 2466 Interim
480 2425 584 2466 omues
612 2405 702 2464 nostri
723 2403 804 2463 Msti
826 2404 950 2460 retinent
968 2405 1161 2469 stertentium,
1187 2417 1320 2476 eamque
1424 2399 1425 2453 l

194 2504 299 2546 vocem
315 2503 413 2541 sanam
430 2503 498 2539 esse
518 2483 656 2546 arbitror3
673 2491 798 2546 [earcere
822 2478 902 2535 enim
920 2477 1006 2536 alicui
1026 2478 1079 2547 rei,
1103 2491 1148 2536 est
1173 2478 1319 2538 rationem

195 2563 261 2642 ejus
276 2564 399 2620 habere:
421 2559 504 2618 sicin
518 2561 573 2616 Or.
588 2575 641 2632 pro
653 2555 827 2630 Quinctiae.
843 2561 884 2610 12.
903 2558 1061 2616 Credamus
1071 2565 1132 2626 ltoc,
1149 2561 1209 2618 Sex
1220 2561 1318 2621 meat-

194 2663 252 2711 um,
267 2641 350 2713 cajus
363 2648 448 2708 eaput
460 2648 616 2711 oppugnet,
628 2637 690 2710 ejas
702 2640 823 2692 auribus
839 2636 1010 2712 pepercisse
1021 2657 1029 2691 t
1051 2637 1096 2695 sic
1105 2637 1195 2695 etiam
1206 2641 1233 2696 is
1245 2638 1318 2697 dici·¹

194 2734 245 2782 tur
257 2719 307 2780 hic
322 2718 351 2776 in
365 2717 396 2776 ii.
413 2725 459 2783 st,
475 2723 521 2774 5⁸.
531 2725 657 2788 parcere
681 2718 819 2790 dignitati
831 2718 1006 2786 aduersarii,
1020 2729 1055 2776 et.
1059 2727 1184 2786 stertere
1197 2723 1321 2776 caritati

195 2805 346 2870 meinent,
357 2798 408 2876 qui
420 2796 450 2858 in
464 2795 508 2868 iis,
518 2815 585 2876 quae
595 2793 674 2866 dicit.
688 2795 806 2874 cogitat,
825 2792 895 2874 quid
910 2815 1014 2856 eorum
1029 2796 1152 2870 dignitas
1166 2809 1195 2854 ct
1209 2797 1320 2860 caritas
1423 2833 1424 2874 3

192 2885 332 2959 postulet.
731 2943 734 2948 ,

237 2975 254 3025 9
270 2973 343 3026 Arte
364 2971 542 3038 pavimento,
558 2977 643 3040 atque
661 2970 821 3028 emblemate
845 2967 1068 3044 vermiculatas]
1105 2967 1140 3027 In,
1153 2965 1226 3024 Ptin.
1242 2969 1320 3025 Nat.

195 3049 277 3108 Hist.
293 3047 396 3108 xxxvi.
408 3053 454 3106 25.
469 3044 589 3122 legitur,
604 3047 678 3104 Ante
693 3067 703 3104 .·
724 3069 792 3128 quae
807 3039 895 3108 lectio
908 3062 973 3108 nata
990 3045 1103 3108 videtur
1121 3065 1159 3104 ex
1172 3045 1230 3112 illa,
1244 3064 1320 3122 quae

196 3142 277 3190 extat
299 3127 328 3186 in
356 3127 529 3206 quibusdam
554 3139 610 3185 vet.
633 3127 716 3184 libris
744 3127 872 3206 (notante
888 3125 1012 3204 Ursino)
1035 3127 1130 3193 Eudo,
1153 3137 1186 3186 ut
1200 3125 1320 3183 siited'.

196 3211 320 3268 Constat
340 3221 439 3265 autern
454 3204 607 3266 Lucilium
628 3205 750 3266 Graecus
769 3227 857 3266 voces
871 3205 982 3264 Latinis
996 3207 1127 3264 versibus
1150 3223 1206 3262 non
1222 3207 1320 3264 semel

194 3285 408 3344 immiscuisse.
451 3288 562 3342 Sensus
573 3297 618 3344 cst
629 3285 734 3364 (inquit
746 3287 930 3364 Strebaeus);
947 3283 1068 3350 Leucis,
1084 3285 1100 3342 i.
1118 3303 1144 3340 e.
1159 3286 1245 3343 verba
1259 3300 1318 3352 tua,

196 3363 225 3423 O
238 3364 353 3436 Albuci,
368 3363 463 3440 lepidi
475 3378 505 3422 et
519 3365 673 3440 eleganter
682 3367 844 3442 composita
854 3377 1112 3442 coagmentataque
1127 3361 1239 3422 suntin
1253 3381 1317 3421 ora·

94 3467 99 3477 ¹
196 3445 286 3513 tione,
301 3457 333 3502 ut
356 3445 385 3502 in
401 3442 566 3520 pavimento
580 3445 626 3499 vel
642 3447 819 3504 emblemate
834 3443 1010 3504 verniculato
1032 3463 1136 3503 omnes
1159 3443 1313 3502 tesseruiae

197 3537 264 3582 sunt
278 3537 340 3582 arte
369 3520 551 3598 compositae.
588 3521 742 3581 desacrata
766 3537 832 3583 sunt
857 3523 947 3598 lapilli
974 3537 1025 3583 sut
1052 3527 1159 3582 lateres
1177 3521 1318 3600 quadrati,
1422 3539 1423 3548 ³

196 3602 303 3679 quibus
316 3605 425 3662 aedium
450 3603 546 3658 solum
570 3602 783 3672 consternitur;
803 3621 936 3681 opusque
951 3601 1104 3662 tesserulis
1123 3599 1188 3678 apti
1203 3619 1317 3662 conser-
1422 3629 1423 3660 t

196 3694 272 3749 tum,
293 3693 322 3738 et
336 3681 434 3758 effigie
445 3699 547 3740 rerum
565 3679 795 3762 animaliumque
810 3683 980 3744 distinctum
1000 3687 1133 3754 etadlema
1148 3683 1317 3739 vemnicala·

198 3777 258 3820 tam
272 3774 398 3819 vocatur.

242 3857 275 3906 to
286 3851 360 3905 idem
375 3853 448 3906 illud
460 3853 576 3921 scilicet,
591 3863 623 3907 at
635 3854 680 3908 ille
691 3857 793 3923 voluit,
805 3865 835 3914 ct
849 3873 901 3928 ego
911 3859 1031 3920 vellem,-
1051 3849 1147 3912 melitis
1162 3852 1317 3926 aliquanto,
1422 3879 1423 3919 fi

181 3943 183 3948 '
198 3929 281 4004 quim
297 3931 433 3988 Albucius
445 3925 474 4006 .·]
495 3930 538 3991 Ut
551 3952 583 3992 se
595 3933 682 3991 babet
693 3934 759 3992 lraec
773 3933 870 4002 lectio,
881 3935 966 3992 deest
981 3952 1037 3992 vox
1050 3945 1140 3988 tamea
1155 3934 1184 3991 in
1196 3934 1318 4008 posteri·

197 4029 248 4068 ore
272 4023 364 4086 parte.
405 4007 473 4066 Vet.
499 4011 644 4070 nonnullae
667 4011 810 4072 editiones
825 4011 866 4069 sic
881 4015 981 4071 locum
997 4011 1217 4089 interpungunt,
1244 4016 1318 4070 idem

196 4095 269 4147 ittud
287 4095 406 4158 scilicet,
428 4101 460 4145 ttl
481 4091 527 4146 itte
548 4096 668 4158 voluit,·
700 4107 727 4157 ti
747 4112 799 4166 ego
814 4095 925 4158 vellem,
947 4093 1046 4152 melitis
1068 4095 1225 4162 aliquanto,
1249 4105 1317 4150 etc:

198 4171 350 4230 Strebaeus
360 4183 469 4238 autem,
483 4180 512 4226 et
526 4169 615 4228 editio
630 4171 734 4244 prima,
752 4192 807 4230 uec
822 4171 889 4230 MS.
906 4171 989 4230 Nori.
1004 4175 1059 4231 hoc
1074 4173 1182 4238 modo;
1212 4184 1245 4226 ut
1271 4173 1319 4228 ille

197 4251 309 4308 voluit:
331 4262 421 4322 elego
437 4253 538 4306 vellem
550 4249 646 4307 melitis
660 4255 813 4321 aliquanto,
827 4266 882 4310 etc.
924 4253 1012 4311 Unde
1024 4252 1066 4310 sic
1079 4251 1239 4326 legentium
1252 4269 1318 4309 esse

197 4325 310 4401 opinor,
324 4329 402 4385 Idem
416 4333 488 4386 illud
501 4334 616 4396 scilicet,
629 4335 721 4387 atille
735 4335 849 4389 voluit:
870 4342 900 4388 at
914 4349 966 4403 ego
975 4337 1073 4388 vellem
1086 4330 1180 4388 melitis
1191 4334 1318 4401 aliquan·

197 4403 334 4473 tmqntim
349 4409 491 4464 Albucius.
536 4409 602 4466 Hoc
625 4428 734 4467 sensu:
764 4411 848 4467 Idem
873 4411 945 4469 illud
959 4411 1062 4478 efficio,
1078 4423 1111 4467 ut
1131 4411 1161 4485 (i.
1184 4430 1210 4466 e.
1226 4409 1317 4485 quod)
1421 4459 1422 4466 ,

198 4481 342 4542 Albucius
357 4486 448 4546 voluit
462 4489 600 4550 efficeret
622 4491 767 4552 saverne
779 4488 940 4566 diiigenter
953 4493 1083 4554 colloco:
1118 4491 1170 4549 sed
1184 4487 1316 4564 cupioid
1421 4529 1422 4558 .
