<?xml version="1.0" encoding="UTF-8"?>
<!DOCTYPE html PUBLIC "-//W3C//DTD XHTML 1.0 Transitional//EN"
    "http://www.w3.org/TR/xhtml1/DTD/xhtml1-transitional.dtd">
<html xmlns="http://www.w3.org/1999/xhtml" xml:lang="en" lang="en">
 <head>
  <title>
</title>
<meta http-equiv="Content-Type" content="text/html;charset=utf-8" />
  <meta name='ocr-system' content='tesseract 3.04.00' />
  <meta name='ocr-capabilities' content='ocr_page ocr_carea ocr_par ocr_line ocrx_word'/>
</head>
<body>
  <div class='ocr_page' id='page_1' title='image "./mtulliiciceroni00peargoog_0262.png"; bbox 0 0 2882 5012; ppageno 0'>
   <div class='ocr_carea' id='block_1_1' title="bbox 233 369 939 436">
    <p class='ocr_par' dir='ltr' id='par_1_1' title="bbox 233 369 939 436">
     <span class='ocr_line' id='line_1_1' title="bbox 233 369 939 436; baseline 0 -2"><span class='ocrx_word' id='word_1_1' title='bbox 233 375 295 434; x_wconf 65' lang='grc' dir='ltr'><strong><em>Μ</em></strong></span> <span class='ocrx_word' id='word_1_2' title='bbox 653 369 714 432; x_wconf 82' lang='lat' dir='ltr'><strong>DE</strong></span> <span class='ocrx_word' id='word_1_3' title='bbox 731 369 939 436; x_wconf 79' lang='lat' dir='ltr'><strong>oRAroas</strong></span> 
     </span>
    </p>
   </div>
   <div class='ocr_carea' id='block_1_2' title="bbox 173 517 1350 3268">
    <p class='ocr_par' dir='ltr' id='par_1_2' title="bbox 173 517 1350 3268">
     <span class='ocr_line' id='line_1_2' title="bbox 231 517 1338 620; baseline 0.002 -26"><span class='ocrx_word' id='word_1_4' title='bbox 231 521 446 594; x_wconf 73' lang='lat' dir='ltr'><strong>abundantes</strong></span> <span class='ocrx_word' id='word_1_5' title='bbox 475 517 559 598; x_wconf 85' lang='lat' dir='ltr'><strong>ctio,</strong></span> <span class='ocrx_word' id='word_1_6' title='bbox 586 517 686 596; x_wconf 89' lang='lat' dir='ltr'><strong>nobis</strong></span> <span class='ocrx_word' id='word_1_7' title='bbox 718 521 898 620; x_wconf 82' lang='lat' dir='ltr'><strong>occupatis</strong></span> <span class='ocrx_word' id='word_1_8' title='bbox 932 517 1197 608; x_wconf 78' lang='lat' dir='ltr'><strong>involaverunt3</strong></span> <span class='ocrx_word' id='word_1_9' title='bbox 1237 527 1338 620; x_wconf 86' lang='lat' dir='ltr'><strong>atque</strong></span> 
     </span>
     <span class='ocr_line' id='line_1_3' title="bbox 231 615 1341 715; baseline 0.001 -22"><span class='ocrx_word' id='word_1_10' title='bbox 231 619 334 693; x_wconf 81' lang='lat' dir='ltr'><strong>etiarn</strong></span> <span class='ocrx_word' id='word_1_11' title='bbox 345 615 590 690; x_wconf 83' lang='lat' dir='ltr'><strong>antirridentes</strong></span> <span class='ocrx_word' id='word_1_12' title='bbox 603 627 830 700; x_wconf 88' lang='lat' dir='ltr'><strong>oratorem,ut</strong></span> <span class='ocrx_word' id='word_1_13' title='bbox 841 621 900 694; x_wconf 91' lang='lat' dir='ltr'><strong>ille</strong></span> <span class='ocrx_word' id='word_1_14' title='bbox 912 618 1082 715; x_wconf 85' lang='lat' dir='ltr'><strong>inGeorgi</strong></span> <span class='ocrx_word' id='word_1_15' title='bbox 1094 617 1279 696; x_wconf 58' lang='lat' dir='ltr'><strong>laSocrotes</strong></span> <span class='ocrx_word' id='word_1_16' title='bbox 1290 645 1341 694; x_wconf 64' lang='lat' dir='ltr'><strong>oa·⁴</strong></span> 
     </span>
     <span class='ocr_line' id='line_1_4' title="bbox 229 714 1344 817; baseline 0 -27"><span class='ocrx_word' id='word_1_17' title='bbox 229 714 467 799; x_wconf 70' lang='lat' dir='ltr'><strong>manamaur</strong></span> <span class='ocrx_word' id='word_1_18' title='bbox 478 717 611 814; x_wconf 84' lang='lat' dir='ltr'><strong>aliquid</strong></span> <span class='ocrx_word' id='word_1_19' title='bbox 619 718 818 791; x_wconf 90' lang='lat' dir='ltr'><strong>deoratoris</strong></span> <span class='ocrx_word' id='word_1_20' title='bbox 826 726 899 790; x_wconf 83' lang='lat' dir='ltr'><strong>arte</strong></span> <span class='ocrx_word' id='word_1_21' title='bbox 908 719 1027 817; x_wconf 85' lang='lat' dir='ltr'><strong>paucis</strong></span> <span class='ocrx_word' id='word_1_22' title='bbox 1036 717 1344 816; x_wconf 79' lang='lat' dir='ltr'><strong>praecipiuntlibel-</strong></span> 
     </span>
     <span class='ocr_line' id='line_1_5' title="bbox 227 813 1343 915; baseline 0 -25"><span class='ocrx_word' id='word_1_23' title='bbox 227 814 836 912; x_wconf 85' lang='lat' dir='ltr'><strong>lis,eosquerhstorioosinscribunt:</strong></span> <span class='ocrx_word' id='word_1_24' title='bbox 860 813 1343 915; x_wconf 86' lang='lat' dir='ltr'><strong>quasinonillasintpropria</strong></span> 
     </span>
     <span class='ocr_line' id='line_1_6' title="bbox 227 912 1344 1012; baseline 0.001 -25"><span class='ocrx_word' id='word_1_25' title='bbox 227 912 421 997; x_wconf 82' lang='lat' dir='ltr'>rhetorum,</span> <span class='ocrx_word' id='word_1_26' title='bbox 444 937 526 1012; x_wconf 83' lang='lat' dir='ltr'><strong>quae</strong></span> <span class='ocrx_word' id='word_1_27' title='bbox 537 915 582 988; x_wconf 87' lang='lat' dir='ltr'><strong>ab</strong></span> <span class='ocrx_word' id='word_1_28' title='bbox 592 913 715 988; x_wconf 88' lang='lat' dir='ltr'><strong>iisdem</strong></span> <span class='ocrx_word' id='word_1_29' title='bbox 727 914 771 988; x_wconf 87' lang='lat' dir='ltr'><strong>de</strong></span> <span class='ocrx_word' id='word_1_30' title='bbox 783 913 934 1012; x_wconf 79' lang='lat' dir='ltr'><strong>justius,</strong></span> <span class='ocrx_word' id='word_1_31' title='bbox 957 916 1002 990; x_wconf 91' lang='lat' dir='ltr'><strong>de</strong></span> <span class='ocrx_word' id='word_1_32' title='bbox 1018 914 1141 998; x_wconf 89' lang='lat' dir='ltr'><strong>officio,</strong></span> <span class='ocrx_word' id='word_1_33' title='bbox 1166 915 1210 988; x_wconf 93' lang='lat' dir='ltr'><strong>de</strong></span> <span class='ocrx_word' id='word_1_34' title='bbox 1231 916 1344 990; x_wconf 87' lang='lat' dir='ltr'><strong>civita·</strong></span> 
     </span>
     <span class='ocr_line' id='line_1_7' title="bbox 227 1011 1346 1112; baseline 0 -26"><span class='ocrx_word' id='word_1_35' title='bbox 227 1013 320 1086; x_wconf 88' lang='lat' dir='ltr'><strong>tibus</strong></span> <span class='ocrx_word' id='word_1_36' title='bbox 341 1011 569 1088; x_wconf 74' lang='lat' dir='ltr'><strong>instituendis</strong></span> <span class='ocrx_word' id='word_1_37' title='bbox 588 1021 626 1086; x_wconf 90' lang='lat' dir='ltr'><strong>et</strong></span> <span class='ocrx_word' id='word_1_38' title='bbox 646 1014 819 1112; x_wconf 88' lang='lat' dir='ltr'><strong>regendis,</strong></span> <span class='ocrx_word' id='word_1_39' title='bbox 842 1013 888 1088; x_wconf 92' lang='lat' dir='ltr'><strong>de</strong></span> <span class='ocrx_word' id='word_1_40' title='bbox 904 1013 1000 1090; x_wconf 91' lang='lat' dir='ltr'><strong>omni</strong></span> <span class='ocrx_word' id='word_1_41' title='bbox 1021 1013 1169 1096; x_wconf 66' lang='lat' dir='ltr'><strong>vivendi</strong></span> <span class='ocrx_word' id='word_1_42' title='bbox 1193 1013 1346 1111; x_wconf 87' lang='lat' dir='ltr'><strong>denique</strong></span> 
     </span>
     <span class='ocr_line' id='line_1_8' title="bbox 226 1108 1345 1210; baseline 0.002 -26"><span class='ocrx_word' id='word_1_43' title='bbox 226 1108 330 1184; x_wconf 85' lang='lat' dir='ltr'><strong>etiam</strong></span> <span class='ocrx_word' id='word_1_44' title='bbox 353 1110 398 1184; x_wconf 89' lang='lat' dir='ltr'><strong>de</strong></span> <span class='ocrx_word' id='word_1_45' title='bbox 417 1123 554 1186; x_wconf 84' lang='lat' dir='ltr'><strong>naturae</strong></span> <span class='ocrx_word' id='word_1_46' title='bbox 570 1113 706 1186; x_wconf 84' lang='lat' dir='ltr'><strong>ratione</strong></span> <span class='ocrx_word' id='word_1_47' title='bbox 725 1111 901 1188; x_wconf 87' lang='lat' dir='ltr'><strong>dicunter.</strong></span> <span class='ocrx_word' id='word_1_48' title='bbox 954 1116 1066 1198; x_wconf 79' lang='lat' dir='ltr'><strong>Quae,</strong></span> <span class='ocrx_word' id='word_1_49' title='bbox 1097 1112 1260 1208; x_wconf 86' lang='lat' dir='ltr'><strong>quoniam</strong></span> <span class='ocrx_word' id='word_1_50' title='bbox 1271 1115 1345 1210; x_wconf 86' lang='lat' dir='ltr'><strong>jam</strong></span> 
     </span>
     <span class='ocr_line' id='line_1_9' title="bbox 225 1207 1346 1309; baseline 0.003 -30"><span class='ocrx_word' id='word_1_51' title='bbox 225 1207 366 1282; x_wconf 80' lang='lat' dir='ltr'><strong>aliunde</strong></span> <span class='ocrx_word' id='word_1_52' title='bbox 388 1233 462 1282; x_wconf 92' lang='lat' dir='ltr'><strong>non</strong></span> <span class='ocrx_word' id='word_1_53' title='bbox 475 1233 670 1306; x_wconf 89' lang='lat' dir='ltr'><strong>possumus,</strong></span> <span class='ocrx_word' id='word_1_54' title='bbox 695 1211 865 1286; x_wconf 84' lang='lat' dir='ltr'><strong>sumenda</strong></span> <span class='ocrx_word' id='word_1_55' title='bbox 881 1221 964 1288; x_wconf 89' lang='lat' dir='ltr'><strong>sunt</strong></span> <span class='ocrx_word' id='word_1_56' title='bbox 979 1213 1080 1286; x_wconf 90' lang='lat' dir='ltr'><strong>nobis</strong></span> <span class='ocrx_word' id='word_1_57' title='bbox 1094 1213 1138 1284; x_wconf 90' lang='lat' dir='ltr'><strong>ab</strong></span> <span class='ocrx_word' id='word_1_58' title='bbox 1149 1211 1190 1282; x_wconf 89' lang='lat' dir='ltr'><strong>iis</strong></span> <span class='ocrx_word' id='word_1_59' title='bbox 1203 1211 1296 1309; x_wconf 91' lang='lat' dir='ltr'><strong>ipsis,</strong></span> <span class='ocrx_word' id='word_1_60' title='bbox 1322 1211 1346 1282; x_wconf 75' lang='lat' dir='ltr'><strong>a</strong></span> 
     </span>
     <span class='ocr_line' id='line_1_10' title="bbox 225 1305 1348 1404; baseline 0.002 -24"><span class='ocrx_word' id='word_1_61' title='bbox 225 1306 352 1403; x_wconf 91' lang='lat' dir='ltr'><strong>quibus</strong></span> <span class='ocrx_word' id='word_1_62' title='bbox 371 1305 512 1404; x_wconf 82' lang='lat' dir='ltr'><strong>expilati</strong></span> <span class='ocrx_word' id='word_1_63' title='bbox 538 1329 656 1380; x_wconf 91' lang='lat' dir='ltr'><strong>sumus</strong></span> <span class='ocrx_word' id='word_1_64' title='bbox 668 1338 679 1395; x_wconf 91' lang='lat'>;</span> <span class='ocrx_word' id='word_1_65' title='bbox 713 1308 904 1381; x_wconf 91' lang='lat' dir='ltr'><strong>dummodo</strong></span> <span class='ocrx_word' id='word_1_66' title='bbox 929 1309 990 1382; x_wconf 86' lang='lat' dir='ltr'><strong>illa</strong></span> <span class='ocrx_word' id='word_1_67' title='bbox 1017 1311 1061 1383; x_wconf 87' lang='lat' dir='ltr'><strong>ad</strong></span> <span class='ocrx_word' id='word_1_68' title='bbox 1089 1311 1181 1382; x_wconf 87' lang='lat' dir='ltr'><strong>hanc</strong></span> <span class='ocrx_word' id='word_1_69' title='bbox 1207 1309 1348 1388; x_wconf 88' lang='lat' dir='ltr'><strong>civilem</strong></span> 
     </span>
     <span class='ocr_line' id='line_1_11' title="bbox 226 1404 1348 1502; baseline -0.002 -23"><span class='ocrx_word' id='word_1_70' title='bbox 226 1405 419 1487; x_wconf 68' lang='lat' dir='ltr'><strong>suenum,</strong></span> <span class='ocrx_word' id='word_1_71' title='bbox 433 1404 507 1502; x_wconf 86' lang='lat' dir='ltr'><strong>qub</strong></span> <span class='ocrx_word' id='word_1_72' title='bbox 520 1404 697 1502; x_wconf 86' lang='lat' dir='ltr'><strong>pertinent</strong></span> <span class='ocrx_word' id='word_1_73' title='bbox 709 1407 1060 1502; x_wconf 86' lang='lat' dir='ltr'><strong>etquamintuentur‚</strong></span> <span class='ocrx_word' id='word_1_74' title='bbox 1077 1405 1348 1480; x_wconf 85' lang='lat' dir='ltr'><strong>transferamus:</strong></span> 
     </span>
     <span class='ocr_line' id='line_1_12' title="bbox 227 1501 1350 1602; baseline -0.004 -19"><span class='ocrx_word' id='word_1_75' title='bbox 227 1525 346 1602; x_wconf 84' lang='lat' dir='ltr'><strong>neque</strong></span> <span class='ocrx_word' id='word_1_76' title='bbox 369 1505 427 1597; x_wconf 89' lang='lat' dir='ltr'><strong>(ut</strong></span> <span class='ocrx_word' id='word_1_77' title='bbox 440 1514 526 1578; x_wconf 89' lang='lat' dir='ltr'><strong>ante</strong></span> <span class='ocrx_word' id='word_1_78' title='bbox 541 1501 628 1596; x_wconf 83' lang='lat' dir='ltr'><strong>dixi)</strong></span> <span class='ocrx_word' id='word_1_79' title='bbox 651 1527 791 1578; x_wconf 90' lang='lat' dir='ltr'><strong>omnem</strong></span> <span class='ocrx_word' id='word_1_80' title='bbox 810 1509 962 1576; x_wconf 88' lang='lat' dir='ltr'><strong>teramus</strong></span> <span class='ocrx_word' id='word_1_81' title='bbox 977 1503 1017 1576; x_wconf 92' lang='lat' dir='ltr'><strong>in</strong></span> <span class='ocrx_word' id='word_1_82' title='bbox 1032 1502 1085 1576; x_wconf 92' lang='lat' dir='ltr'><strong>his</strong></span> <span class='ocrx_word' id='word_1_83' title='bbox 1103 1503 1279 1578; x_wconf 86' lang='lat' dir='ltr'><strong>discendis</strong></span> <span class='ocrx_word' id='word_1_84' title='bbox 1296 1529 1350 1578; x_wconf 83' lang='lat' dir='ltr'><strong>re·</strong></span> 
     </span>
     <span class='ocr_line' id='line_1_13' title="bbox 224 1601 1347 1698; baseline 0 -24"><span class='ocrx_word' id='word_1_85' title='bbox 224 1602 290 1676; x_wconf 90' lang='lat' dir='ltr'><strong>bus</strong></span> <span class='ocrx_word' id='word_1_86' title='bbox 310 1611 463 1684; x_wconf 79' lang='lat' dir='ltr'><strong>aetatem,</strong></span> <span class='ocrx_word' id='word_1_87' title='bbox 487 1601 560 1683; x_wconf 84' lang='lat' dir='ltr'><strong>ssd,</strong></span> <span class='ocrx_word' id='word_1_88' title='bbox 584 1601 668 1676; x_wconf 79' lang='lat' dir='ltr'><strong>cum</strong></span> <span class='ocrx_word' id='word_1_89' title='bbox 691 1601 810 1676; x_wconf 86' lang='lat' dir='ltr'><strong>fontes</strong></span> <span class='ocrx_word' id='word_1_90' title='bbox 835 1602 1023 1676; x_wconf 88' lang='lat' dir='ltr'><strong>viderimus</strong></span> <span class='ocrx_word' id='word_1_91' title='bbox 1052 1604 1156 1698; x_wconf 91' lang='lat' dir='ltr'><strong>(quos</strong></span> <span class='ocrx_word' id='word_1_92' title='bbox 1183 1601 1249 1675; x_wconf 89' lang='lat' dir='ltr'><strong>nisi</strong></span> <span class='ocrx_word' id='word_1_93' title='bbox 1278 1602 1347 1698; x_wconf 90' lang='lat' dir='ltr'><strong>qui</strong></span> 
     </span>
     <span class='ocr_line' id='line_1_14' title="bbox 225 1700 1348 1798; baseline -0.004 -22"><span class='ocrx_word' id='word_1_94' title='bbox 225 1700 385 1776; x_wconf 79' lang='lat' dir='ltr'><strong>celeriter</strong></span> <span class='ocrx_word' id='word_1_95' title='bbox 408 1700 577 1798; x_wconf 82' lang='lat' dir='ltr'><strong>cognorit,</strong></span> <span class='ocrx_word' id='word_1_96' title='bbox 609 1725 804 1798; x_wconf 90' lang='lat' dir='ltr'><strong>numquam</strong></span> <span class='ocrx_word' id='word_1_97' title='bbox 832 1710 1022 1797; x_wconf 85' lang='lat' dir='ltr'><strong>cognoscet</strong></span> <span class='ocrx_word' id='word_1_98' title='bbox 1052 1701 1226 1792; x_wconf 89' lang='lat' dir='ltr'><strong>omnino),</strong></span> <span class='ocrx_word' id='word_1_99' title='bbox 1249 1707 1348 1781; x_wconf 90' lang='lat' dir='ltr'><strong>tum,</strong></span> 
     </span>
     <span class='ocr_line' id='line_1_15' title="bbox 226 1798 1350 1898; baseline -0.004 -26"><span class='ocrx_word' id='word_1_100' title='bbox 226 1799 516 1898; x_wconf 86' lang='lat' dir='ltr'><strong>quotiescumque</strong></span> <span class='ocrx_word' id='word_1_101' title='bbox 533 1823 621 1898; x_wconf 87' lang='lat' dir='ltr'><strong>opus</strong></span> <span class='ocrx_word' id='word_1_102' title='bbox 634 1800 711 1881; x_wconf 87' lang='lat' dir='ltr'><strong>erit,</strong></span> <span class='ocrx_word' id='word_1_103' title='bbox 726 1823 771 1872; x_wconf 87' lang='lat' dir='ltr'><strong>ex</strong></span> <span class='ocrx_word' id='word_1_104' title='bbox 785 1799 824 1872; x_wconf 90' lang='lat' dir='ltr'><strong>iis</strong></span> <span class='ocrx_word' id='word_1_105' title='bbox 837 1807 982 1882; x_wconf 88' lang='lat' dir='ltr'><strong>tantum,</strong></span> <span class='ocrx_word' id='word_1_106' title='bbox 1008 1798 1023 1848; x_wconf 82' lang='lat'>1</span> <span class='ocrx_word' id='word_1_107' title='bbox 1039 1806 1208 1893; x_wconf 88' lang='lat' dir='ltr'><strong>quantum</strong></span> <span class='ocrx_word' id='word_1_108' title='bbox 1218 1819 1274 1868; x_wconf 90' lang='lat' dir='ltr'><strong>res</strong></span> <span class='ocrx_word' id='word_1_109' title='bbox 1286 1819 1350 1890; x_wconf 90' lang='lat' dir='ltr'><strong>pe·</strong></span> 
     </span>
     <span class='ocr_line' id='line_1_16' title="bbox 224 1893 1349 1996; baseline -0.004 -28"><span class='ocrx_word' id='word_1_110' title='bbox 224 1905 291 1981; x_wconf 87' lang='lat' dir='ltr'><strong>tet,</strong></span> <span class='ocrx_word' id='word_1_111' title='bbox 309 1898 518 1973; x_wconf 78' lang='lat' dir='ltr'><strong>hauriemus.</strong></span> <span class='ocrx_word' id='word_1_112' title='bbox 567 1897 660 1972; x_wconf 90' lang='lat' dir='ltr'><strong>Nam</strong></span> <span class='ocrx_word' id='word_1_113' title='bbox 670 1921 786 1996; x_wconf 89' lang='lat' dir='ltr'><strong>neque</strong></span> <span class='ocrx_word' id='word_1_114' title='bbox 799 1906 870 1972; x_wconf 80' lang='lat' dir='ltr'><strong>tam</strong></span> <span class='ocrx_word' id='word_1_115' title='bbox 882 1905 937 1970; x_wconf 91' lang='lat' dir='ltr'><strong>est</strong></span> <span class='ocrx_word' id='word_1_116' title='bbox 951 1893 1038 1970; x_wconf 87' lang='lat' dir='ltr'><strong>acris</strong></span> <span class='ocrx_word' id='word_1_117' title='bbox 1055 1893 1145 1968; x_wconf 86' lang='lat' dir='ltr'><strong>acies</strong></span> <span class='ocrx_word' id='word_1_118' title='bbox 1160 1893 1198 1968; x_wconf 92' lang='lat' dir='ltr'><strong>in</strong></span> <span class='ocrx_word' id='word_1_119' title='bbox 1213 1893 1349 1966; x_wconf 88' lang='lat' dir='ltr'><strong>naturis</strong></span> 
     </span>
     <span class='ocr_line' id='line_1_17' title="bbox 224 1992 1347 2092; baseline -0.001 -27"><span class='ocrx_word' id='word_1_120' title='bbox 224 1993 421 2070; x_wconf 89' lang='lat' dir='ltr'><strong>hominium</strong></span> <span class='ocrx_word' id='word_1_121' title='bbox 437 2007 475 2069; x_wconf 90' lang='lat' dir='ltr'><strong>et</strong></span> <span class='ocrx_word' id='word_1_122' title='bbox 492 1996 654 2092; x_wconf 84' lang='lat' dir='ltr'><strong>ingeniis,</strong></span> <span class='ocrx_word' id='word_1_123' title='bbox 679 2007 721 2070; x_wconf 92' lang='lat' dir='ltr'><strong>ut</strong></span> <span class='ocrx_word' id='word_1_124' title='bbox 736 2019 793 2068; x_wconf 89' lang='lat' dir='ltr'><strong>res</strong></span> <span class='ocrx_word' id='word_1_125' title='bbox 814 2005 932 2070; x_wconf 86' lang='lat' dir='ltr'><strong>tantas</strong></span> <span class='ocrx_word' id='word_1_126' title='bbox 948 1994 1142 2092; x_wconf 87' lang='lat' dir='ltr'><strong>quisquam,</strong></span> <span class='ocrx_word' id='word_1_127' title='bbox 1166 1992 1233 2065; x_wconf 88' lang='lat' dir='ltr'><strong>nisi</strong></span> <span class='ocrx_word' id='word_1_128' title='bbox 1251 2015 1347 2064; x_wconf 91' lang='lat' dir='ltr'><strong>mon·</strong></span> 
     </span>
     <span class='ocr_line' id='line_1_18' title="bbox 223 2090 1346 2192; baseline -0.002 -27"><span class='ocrx_word' id='word_1_129' title='bbox 223 2099 363 2176; x_wconf 72' lang='lat' dir='ltr'><strong>susus,</strong></span> <span class='ocrx_word' id='word_1_130' title='bbox 388 2094 497 2192; x_wconf 86' lang='lat' dir='ltr'><strong>possit</strong></span> <span class='ocrx_word' id='word_1_131' title='bbox 518 2094 655 2167; x_wconf 90' lang='lat' dir='ltr'><strong>videre:</strong></span> <span class='ocrx_word' id='word_1_132' title='bbox 679 2117 798 2188; x_wconf 90' lang='lat' dir='ltr'><strong>neque</strong></span> <span class='ocrx_word' id='word_1_133' title='bbox 813 2101 908 2166; x_wconf 83' lang='lat' dir='ltr'><strong>tanta</strong></span> <span class='ocrx_word' id='word_1_134' title='bbox 919 2103 1038 2166; x_wconf 70' lang='lat' dir='ltr'><strong>tamem</strong></span> <span class='ocrx_word' id='word_1_135' title='bbox 1054 2092 1092 2165; x_wconf 91' lang='lat' dir='ltr'><strong>in</strong></span> <span class='ocrx_word' id='word_1_136' title='bbox 1107 2093 1211 2164; x_wconf 87' lang='lat' dir='ltr'><strong>rebus</strong></span> <span class='ocrx_word' id='word_1_137' title='bbox 1227 2090 1346 2163; x_wconf 88' lang='lat' dir='ltr'><strong>obscu-</strong></span> 
     </span>
     <span class='ocr_line' id='line_1_19' title="bbox 223 2185 1345 2290; baseline -0.004 -26"><span class='ocrx_word' id='word_1_138' title='bbox 223 2189 320 2274; x_wconf 84' lang='lat' dir='ltr'><strong>ritas,</strong></span> <span class='ocrx_word' id='word_1_139' title='bbox 337 2201 379 2266; x_wconf 92' lang='lat' dir='ltr'><strong>ut</strong></span> <span class='ocrx_word' id='word_1_140' title='bbox 393 2214 451 2266; x_wconf 83' lang='lat' dir='ltr'><strong>eas</strong></span> <span class='ocrx_word' id='word_1_141' title='bbox 466 2215 541 2265; x_wconf 92' lang='lat' dir='ltr'><strong>non</strong></span> <span class='ocrx_word' id='word_1_142' title='bbox 557 2191 699 2290; x_wconf 89' lang='lat' dir='ltr'><strong>penitus</strong></span> <span class='ocrx_word' id='word_1_143' title='bbox 711 2192 778 2264; x_wconf 89' lang='lat' dir='ltr'><strong>aori</strong></span> <span class='ocrx_word' id='word_1_144' title='bbox 795 2191 847 2264; x_wconf 85' lang='lat' dir='ltr'><strong>vir</strong></span> <span class='ocrx_word' id='word_1_145' title='bbox 869 2190 1013 2288; x_wconf 87' lang='lat' dir='ltr'><strong>ingenio</strong></span> <span class='ocrx_word' id='word_1_146' title='bbox 1034 2197 1169 2270; x_wconf 87' lang='lat' dir='ltr'><strong>cernat,</strong></span> <span class='ocrx_word' id='word_1_147' title='bbox 1194 2187 1224 2260; x_wconf 91' lang='lat' dir='ltr'><strong>si</strong></span> <span class='ocrx_word' id='word_1_148' title='bbox 1240 2185 1345 2264; x_wconf 88' lang='lat' dir='ltr'><strong>modb</strong></span> 
     </span>
     <span class='ocr_line' id='line_1_20' title="bbox 173 2288 1344 2389; baseline -0.002 -27"><span class='ocrx_word' id='word_1_149' title='bbox 173 2289 181 2308; x_wconf 93' lang='lat'><em>&#39;</em></span> <span class='ocrx_word' id='word_1_150' title='bbox 223 2291 429 2389; x_wconf 86' lang='lat' dir='ltr'><strong>adspexerit.</strong></span> <span class='ocrx_word' id='word_1_151' title='bbox 480 2291 553 2364; x_wconf 80' lang='lat' dir='ltr'><strong>2ln</strong></span> <span class='ocrx_word' id='word_1_152' title='bbox 566 2291 632 2364; x_wconf 92' lang='lat' dir='ltr'><strong>hoc</strong></span> <span class='ocrx_word' id='word_1_153' title='bbox 646 2289 750 2388; x_wconf 86' lang='lat' dir='ltr'><strong>igitur</strong></span> <span class='ocrx_word' id='word_1_154' title='bbox 766 2297 873 2364; x_wconf 86' lang='lat' dir='ltr'><strong>tanto</strong></span> <span class='ocrx_word' id='word_1_155' title='bbox 885 2299 1024 2387; x_wconf 89' lang='lat' dir='ltr'><strong>tamque</strong></span> <span class='ocrx_word' id='word_1_156' title='bbox 1039 2288 1209 2362; x_wconf 89' lang='lat' dir='ltr'><strong>immenso</strong></span> <span class='ocrx_word' id='word_1_157' title='bbox 1225 2309 1344 2385; x_wconf 90' lang='lat' dir='ltr'><strong>campo</strong></span> 
     </span>
     <span class='ocr_line' id='line_1_21' title="bbox 222 2384 1343 2484; baseline -0.004 -24"><span class='ocrx_word' id='word_1_158' title='bbox 222 2388 307 2461; x_wconf 73' lang='lat' dir='ltr'><strong>clm</strong></span> <span class='ocrx_word' id='word_1_159' title='bbox 323 2390 428 2462; x_wconf 90' lang='lat' dir='ltr'><strong>liceat</strong></span> <span class='ocrx_word' id='word_1_160' title='bbox 442 2389 570 2462; x_wconf 90' lang='lat' dir='ltr'><strong>oratori</strong></span> <span class='ocrx_word' id='word_1_161' title='bbox 581 2389 693 2484; x_wconf 85' lang='lat' dir='ltr'><strong>vagari</strong></span> <span class='ocrx_word' id='word_1_162' title='bbox 712 2387 831 2468; x_wconf 68' lang='lat' dir='ltr'><strong>libers,</strong></span> <span class='ocrx_word' id='word_1_163' title='bbox 847 2395 965 2482; x_wconf 88' lang='lat' dir='ltr'><strong>atque,</strong></span> <span class='ocrx_word' id='word_1_164' title='bbox 990 2386 1203 2481; x_wconf 87' lang='lat' dir='ltr'><strong>ubicumque</strong></span> <span class='ocrx_word' id='word_1_165' title='bbox 1220 2384 1343 2458; x_wconf 87' lang='lat' dir='ltr'><strong>consti·</strong></span> 
     </span>
     <span class='ocr_line' id='line_1_22' title="bbox 221 2477 1343 2582; baseline -0.002 -26"><span class='ocrx_word' id='word_1_166' title='bbox 221 2483 317 2563; x_wconf 86' lang='lat' dir='ltr'><strong>terit,</strong></span> <span class='ocrx_word' id='word_1_167' title='bbox 334 2485 527 2556; x_wconf 86' lang='lat' dir='ltr'><strong>consistere</strong></span> <span class='ocrx_word' id='word_1_168' title='bbox 537 2485 575 2554; x_wconf 92' lang='lat' dir='ltr'><strong>in</strong></span> <span class='ocrx_word' id='word_1_169' title='bbox 588 2507 664 2562; x_wconf 91' lang='lat' dir='ltr'><strong>suo,</strong></span> <span class='ocrx_word' id='word_1_170' title='bbox 677 2483 777 2554; x_wconf 70' lang='lat' dir='ltr'><strong>facile</strong></span> <span class='ocrx_word' id='word_1_171' title='bbox 796 2477 1026 2579; x_wconf 73' lang='lat' dir='ltr'><strong>³suppeditat</strong></span> <span class='ocrx_word' id='word_1_172' title='bbox 1038 2483 1152 2555; x_wconf 87' lang='lat' dir='ltr'><strong>omnis</strong></span> <span class='ocrx_word' id='word_1_173' title='bbox 1163 2491 1343 2582; x_wconf 87' lang='lat' dir='ltr'><strong>apparatus</strong></span> 
     </span>
     <span class='ocr_line' id='line_1_23' title="bbox 221 2575 1342 2679; baseline 0.004 -27"><span class='ocrx_word' id='word_1_174' title='bbox 221 2587 436 2676; x_wconf 80' lang='lat' dir='ltr'><strong>ornatusque</strong></span> <span class='ocrx_word' id='word_1_175' title='bbox 449 2575 610 2652; x_wconf 89' lang='lat' dir='ltr'><strong>dicendi:</strong></span> <span class='ocrx_word' id='word_1_176' title='bbox 633 2597 750 2660; x_wconf 86' lang='lat' dir='ltr'><strong>rerum</strong></span> <span class='ocrx_word' id='word_1_177' title='bbox 766 2577 863 2652; x_wconf 83' lang='lat' dir='ltr'><strong>eninr</strong></span> <span class='ocrx_word' id='word_1_178' title='bbox 876 2579 976 2678; x_wconf 89' lang='lat' dir='ltr'><strong>copia</strong></span> <span class='ocrx_word' id='word_1_179' title='bbox 997 2581 1188 2654; x_wconf 88' lang='lat' dir='ltr'><strong>verborum</strong></span> <span class='ocrx_word' id='word_1_180' title='bbox 1212 2582 1342 2679; x_wconf 88' lang='lat' dir='ltr'><strong>copiam</strong></span> 
     </span>
     <span class='ocr_line' id='line_1_24' title="bbox 221 2675 1342 2776; baseline 0 -24"><span class='ocrx_word' id='word_1_181' title='bbox 221 2677 354 2776; x_wconf 81' lang='lat' dir='ltr'><strong>gignit:</strong></span> <span class='ocrx_word' id='word_1_182' title='bbox 371 2687 418 2760; x_wconf 82' lang='lat' dir='ltr'><strong>et,</strong></span> <span class='ocrx_word' id='word_1_183' title='bbox 436 2677 464 2750; x_wconf 88' lang='lat' dir='ltr'><strong>si</strong></span> <span class='ocrx_word' id='word_1_184' title='bbox 480 2686 536 2750; x_wconf 90' lang='lat' dir='ltr'><strong>est</strong></span> <span class='ocrx_word' id='word_1_185' title='bbox 550 2678 718 2750; x_wconf 88' lang='lat' dir='ltr'><strong>honestas</strong></span> <span class='ocrx_word' id='word_1_186' title='bbox 728 2677 766 2750; x_wconf 92' lang='lat' dir='ltr'><strong>in</strong></span> <span class='ocrx_word' id='word_1_187' title='bbox 781 2679 887 2751; x_wconf 89' lang='lat' dir='ltr'><strong>rebus</strong></span> <span class='ocrx_word' id='word_1_188' title='bbox 899 2676 993 2774; x_wconf 87' lang='lat' dir='ltr'><strong>ipsis,</strong></span> <span class='ocrx_word' id='word_1_189' title='bbox 1009 2675 1055 2750; x_wconf 89' lang='lat' dir='ltr'><strong>de</strong></span> <span class='ocrx_word' id='word_1_190' title='bbox 1066 2678 1192 2775; x_wconf 90' lang='lat' dir='ltr'><strong>quibus</strong></span> <span class='ocrx_word' id='word_1_191' title='bbox 1203 2679 1342 2762; x_wconf 88' lang='lat' dir='ltr'><strong>dicitur,</strong></span> 
     </span>
     <span class='ocr_line' id='line_1_25' title="bbox 220 2775 1344 2873; baseline -0.002 -21"><span class='ocrx_word' id='word_1_192' title='bbox 220 2777 371 2852; x_wconf 86' lang='lat' dir='ltr'><strong>exsistet</strong></span> <span class='ocrx_word' id='word_1_193' title='bbox 386 2801 430 2850; x_wconf 82' lang='lat' dir='ltr'><strong>ex</strong></span> <span class='ocrx_word' id='word_1_194' title='bbox 442 2776 490 2850; x_wconf 88' lang='lat' dir='ltr'><strong>rei</strong></span> <span class='ocrx_word' id='word_1_195' title='bbox 503 2783 625 2850; x_wconf 88' lang='lat' dir='ltr'><strong>natura</strong></span> <span class='ocrx_word' id='word_1_196' title='bbox 643 2775 781 2872; x_wconf 89' lang='lat' dir='ltr'><strong>quidam</strong></span> <span class='ocrx_word' id='word_1_197' title='bbox 794 2776 959 2873; x_wconf 88' lang='lat' dir='ltr'><strong>splendor</strong></span> <span class='ocrx_word' id='word_1_198' title='bbox 972 2775 1011 2848; x_wconf 94' lang='lat' dir='ltr'><strong>in</strong></span> <span class='ocrx_word' id='word_1_199' title='bbox 1022 2777 1153 2850; x_wconf 86' lang='lat' dir='ltr'><strong>verbis:</strong></span> <span class='ocrx_word' id='word_1_200' title='bbox 1177 2779 1224 2850; x_wconf 89' lang='lat' dir='ltr'><strong>sit</strong></span> <span class='ocrx_word' id='word_1_201' title='bbox 1236 2777 1344 2851; x_wconf 84' lang='lat' dir='ltr'><strong>modb</strong></span> 
     </span>
     <span class='ocr_line' id='line_1_26' title="bbox 220 2873 1344 2974; baseline 0.001 -26"><span class='ocrx_word' id='word_1_202' title='bbox 220 2874 264 2957; x_wconf 86' lang='lat' dir='ltr'><strong>is,</strong></span> <span class='ocrx_word' id='word_1_203' title='bbox 289 2877 351 2974; x_wconf 90' lang='lat' dir='ltr'><strong>qui</strong></span> <span class='ocrx_word' id='word_1_204' title='bbox 372 2876 467 2952; x_wconf 81' lang='lat' dir='ltr'><strong>dicct</strong></span> <span class='ocrx_word' id='word_1_205' title='bbox 488 2883 547 2948; x_wconf 89' lang='lat' dir='ltr'><strong>aut</strong></span> <span class='ocrx_word' id='word_1_206' title='bbox 568 2875 708 2955; x_wconf 84' lang='lat' dir='ltr'><strong>scribet,</strong></span> <span class='ocrx_word' id='word_1_207' title='bbox 725 2873 906 2948; x_wconf 90' lang='lat' dir='ltr'><strong>institutus</strong></span> <span class='ocrx_word' id='word_1_208' title='bbox 927 2873 1113 2948; x_wconf 85' lang='lat' dir='ltr'><strong>liberaliter</strong></span> <span class='ocrx_word' id='word_1_209' title='bbox 1135 2875 1344 2949; x_wconf 82' lang='lat' dir='ltr'><strong>educatione</strong></span> 
     </span>
     <span class='ocr_line' id='line_1_27' title="bbox 221 2972 1346 3072; baseline -0.004 -23"><span class='ocrx_word' id='word_1_210' title='bbox 221 2975 454 3072; x_wconf 79' lang='lat' dir='ltr'><strong>doctrinaque</strong></span> <span class='ocrx_word' id='word_1_211' title='bbox 470 2973 602 3072; x_wconf 90' lang='lat' dir='ltr'><strong>puerili,</strong></span> <span class='ocrx_word' id='word_1_212' title='bbox 629 2981 665 3044; x_wconf 89' lang='lat' dir='ltr'><strong>et</strong></span> <span class='ocrx_word' id='word_1_213' title='bbox 688 2973 811 3070; x_wconf 83' lang='lat' dir='ltr'><strong>flagret</strong></span> <span class='ocrx_word' id='word_1_214' title='bbox 827 2972 957 3055; x_wconf 88' lang='lat' dir='ltr'><strong>studio,</strong></span> <span class='ocrx_word' id='word_1_215' title='bbox 979 2981 1018 3046; x_wconf 92' lang='lat' dir='ltr'><strong>et</strong></span> <span class='ocrx_word' id='word_1_216' title='bbox 1035 2974 1056 3048; x_wconf 79' lang='lat' dir='ltr'><strong>i</strong></span> <span class='ocrx_word' id='word_1_217' title='bbox 1071 2980 1192 3044; x_wconf 84' lang='lat' dir='ltr'><strong>natura</strong></span> <span class='ocrx_word' id='word_1_218' title='bbox 1207 2973 1346 3068; x_wconf 86' lang='lat' dir='ltr'><strong>adjuve-</strong></span> 
     </span>
     <span class='ocr_line' id='line_1_28' title="bbox 220 3067 1344 3168; baseline -0.002 -22"><span class='ocrx_word' id='word_1_219' title='bbox 220 3079 292 3155; x_wconf 88' lang='lat' dir='ltr'><strong>tur,</strong></span> <span class='ocrx_word' id='word_1_220' title='bbox 317 3083 352 3147; x_wconf 90' lang='lat' dir='ltr'><strong>et</strong></span> <span class='ocrx_word' id='word_1_221' title='bbox 366 3075 406 3147; x_wconf 91' lang='lat' dir='ltr'><strong>in</strong></span> <span class='ocrx_word' id='word_1_222' title='bbox 422 3073 661 3148; x_wconf 88' lang='lat' dir='ltr'><strong>universorum</strong></span> <span class='ocrx_word' id='word_1_223' title='bbox 682 3093 849 3167; x_wconf 87' lang='lat' dir='ltr'><strong>generum</strong></span> <span class='ocrx_word' id='word_1_224' title='bbox 867 3070 1015 3146; x_wconf 88' lang='lat' dir='ltr'><strong>infinitis</strong></span> <span class='ocrx_word' id='word_1_225' title='bbox 1033 3067 1344 3168; x_wconf 81' lang='lat' dir='ltr'><strong>disceptationibus</strong></span> 
     </span>
     <span class='ocr_line' id='line_1_29' title="bbox 220 3168 1344 3268; baseline -0.002 -24"><span class='ocrx_word' id='word_1_226' title='bbox 220 3173 447 3255; x_wconf 83' lang='lat' dir='ltr'><strong>exercitatus,</strong></span> <span class='ocrx_word' id='word_1_227' title='bbox 471 3169 707 3247; x_wconf 86' lang='lat' dir='ltr'><strong>ornatissimos</strong></span> <span class='ocrx_word' id='word_1_228' title='bbox 727 3171 912 3268; x_wconf 84' lang='lat' dir='ltr'><strong>scriptores</strong></span> <span class='ocrx_word' id='word_1_229' title='bbox 932 3169 1186 3266; x_wconf 72' lang='lat' dir='ltr'><strong>oratoresque4</strong></span> <span class='ocrx_word' id='word_1_230' title='bbox 1207 3168 1252 3242; x_wconf 87' lang='lat' dir='ltr'><strong>sd</strong></span> <span class='ocrx_word' id='word_1_231' title='bbox 1267 3193 1344 3266; x_wconf 83' lang='lat' dir='ltr'><strong>cog-</strong></span> 
     </span>
    </p>
   </div>
   <div class='ocr_carea' id='block_1_3' title="bbox 215 3293 1342 4579">
    <p class='ocr_par' dir='ltr' id='par_1_3' title="bbox 218 3293 1342 3688">
     <span class='ocr_line' id='line_1_30' title="bbox 220 3293 1342 3372; baseline -0.002 -18"><span class='ocrx_word' id='word_1_232' title='bbox 220 3309 292 3356; x_wconf 84' lang='lat' dir='ltr'><strong>rerb</strong></span> <span class='ocrx_word' id='word_1_233' title='bbox 304 3298 422 3357; x_wconf 90' lang='lat' dir='ltr'><strong>domino</strong></span> <span class='ocrx_word' id='word_1_234' title='bbox 430 3295 584 3367; x_wconf 87' lang='lat' dir='ltr'><strong>exciderit,</strong></span> <span class='ocrx_word' id='word_1_235' title='bbox 608 3307 747 3372; x_wconf 85' lang='lat' dir='ltr'><strong>tanquam</strong></span> <span class='ocrx_word' id='word_1_236' title='bbox 761 3315 810 3355; x_wconf 88' lang='lat' dir='ltr'><strong>res</strong></span> <span class='ocrx_word' id='word_1_237' title='bbox 823 3313 993 3372; x_wconf 86' lang='lat' dir='ltr'><strong>possessore</strong></span> <span class='ocrx_word' id='word_1_238' title='bbox 1006 3313 1111 3354; x_wconf 86' lang='lat' dir='ltr'><strong>vacans</strong></span> <span class='ocrx_word' id='word_1_239' title='bbox 1125 3297 1160 3353; x_wconf 86' lang='lat' dir='ltr'><strong>ab</strong></span> <span class='ocrx_word' id='word_1_240' title='bbox 1182 3293 1246 3353; x_wconf 86' lang='lat' dir='ltr'><strong>aliis</strong></span> <span class='ocrx_word' id='word_1_241' title='bbox 1256 3313 1342 3354; x_wconf 88' lang='lat' dir='ltr'><strong>occu·</strong></span> 
     </span>
     <span class='ocr_line' id='line_1_31' title="bbox 219 3373 1342 3452; baseline -0.004 -15"><span class='ocrx_word' id='word_1_242' title='bbox 219 3387 288 3452; x_wconf 79' lang='lat' dir='ltr'><strong>pata</strong></span> <span class='ocrx_word' id='word_1_243' title='bbox 302 3389 356 3438; x_wconf 81' lang='lat' dir='ltr'><strong>est</strong></span> <span class='ocrx_word' id='word_1_244' title='bbox 398 3380 439 3438; x_wconf 89' lang='lat' dir='ltr'><strong>Et</strong></span> <span class='ocrx_word' id='word_1_245' title='bbox 448 3378 487 3439; x_wconf 86' lang='lat' dir='ltr'><strong>ita</strong></span> <span class='ocrx_word' id='word_1_246' title='bbox 501 3377 634 3437; x_wconf 89' lang='lat' dir='ltr'><strong>Justinus</strong></span> <span class='ocrx_word' id='word_1_247' title='bbox 649 3375 726 3434; x_wconf 83' lang='lat' dir='ltr'><strong>Hist.</strong></span> <span class='ocrx_word' id='word_1_248' title='bbox 738 3373 770 3434; x_wconf 90' lang='lat' dir='ltr'><strong>in</strong></span> <span class='ocrx_word' id='word_1_249' title='bbox 779 3375 840 3434; x_wconf 86' lang='lat' dir='ltr'><strong>xix.</strong></span> <span class='ocrx_word' id='word_1_250' title='bbox 851 3383 878 3434; x_wconf 77' lang='lat'><strong>3.</strong></span> <span class='ocrx_word' id='word_1_251' title='bbox 919 3379 1065 3447; x_wconf 65' lang='lat' dir='ltr'><strong>Praedam,</strong></span> <span class='ocrx_word' id='word_1_252' title='bbox 1074 3395 1157 3450; x_wconf 76' lang='lat' dir='ltr'><strong>quom</strong></span> <span class='ocrx_word' id='word_1_253' title='bbox 1167 3379 1275 3434; x_wconf 75' lang='lat' dir='ltr'><strong>relictio</strong></span> <span class='ocrx_word' id='word_1_254' title='bbox 1285 3374 1304 3436; x_wconf 83' lang='lat' dir='ltr'><strong>d</strong></span> <span class='ocrx_word' id='word_1_255' title='bbox 1313 3394 1342 3433; x_wconf 83' lang='lat' dir='ltr'><strong>ae</strong></span> 
     </span>
     <span class='ocr_line' id='line_1_32' title="bbox 220 3459 1340 3527; baseline -0.001 -14"><span class='ocrx_word' id='word_1_256' title='bbox 220 3461 516 3525; x_wconf 66' lang='lat' dir='ltr'><strong>enexaerumenon</strong></span> <span class='ocrx_word' id='word_1_257' title='bbox 530 3477 588 3514; x_wconf 86' lang='lat' dir='ltr'><strong>non</strong></span> <span class='ocrx_word' id='word_1_258' title='bbox 602 3471 660 3511; x_wconf 82' lang='lat' dir='ltr'><strong>erae</strong></span> <span class='ocrx_word' id='word_1_259' title='bbox 675 3459 768 3523; x_wconf 65' lang='lat' dir='ltr'><strong>taum,</strong></span> <span class='ocrx_word' id='word_1_260' title='bbox 782 3474 865 3526; x_wconf 83' lang='lat' dir='ltr'><strong>qnam</strong></span> <span class='ocrx_word' id='word_1_261' title='bbox 878 3462 962 3514; x_wconf 78' lang='lat' dir='ltr'><strong>velut</strong></span> <span class='ocrx_word' id='word_1_262' title='bbox 975 3459 1099 3527; x_wconf 64' lang='lat' dir='ltr'><strong>aponum</strong></span> <span class='ocrx_word' id='word_1_263' title='bbox 1112 3459 1184 3514; x_wconf 82' lang='lat' dir='ltr'><strong>victi</strong></span> <span class='ocrx_word' id='word_1_264' title='bbox 1196 3460 1285 3515; x_wconf 78' lang='lat' dir='ltr'><strong>tostis</strong></span> <span class='ocrx_word' id='word_1_265' title='bbox 1299 3476 1340 3513; x_wconf 83' lang='lat' dir='ltr'><strong>or·</strong></span> 
     </span>
     <span class='ocr_line' id='line_1_33' title="bbox 219 3535 1340 3612; baseline 0.001 -20"><span class='ocrx_word' id='word_1_266' title='bbox 219 3548 351 3605; x_wconf 73' lang='lat' dir='ltr'><strong>rmtent3</strong></span> <span class='ocrx_word' id='word_1_267' title='bbox 372 3538 422 3596; x_wconf 83' lang='lat' dir='ltr'><strong>aed</strong></span> <span class='ocrx_word' id='word_1_268' title='bbox 435 3557 519 3612; x_wconf 83' lang='lat' dir='ltr'><strong>quom</strong></span> <span class='ocrx_word' id='word_1_269' title='bbox 527 3535 711 3606; x_wconf 72' lang='lat' dir='ltr'><strong>possessione</strong></span> <span class='ocrx_word' id='word_1_270' title='bbox 726 3551 818 3598; x_wconf 82' lang='lat' dir='ltr'><strong>vacua</strong></span> <span class='ocrx_word' id='word_1_271' title='bbox 825 3535 966 3607; x_wconf 69' lang='lat' dir='ltr'><strong>fireuieia</strong></span> <span class='ocrx_word' id='word_1_272' title='bbox 991 3537 1169 3594; x_wconf 82' lang='lat' dir='ltr'><strong>dominorum</strong></span> <span class='ocrx_word' id='word_1_273' title='bbox 1193 3538 1340 3607; x_wconf 75' lang='lat' dir='ltr'><strong>mortibus,</strong></span> 
     </span>
     <span class='ocr_line' id='line_1_34' title="bbox 218 3617 623 3688; baseline 0 -17"><span class='ocrx_word' id='word_1_274' title='bbox 218 3617 306 3674; x_wconf 78' lang='lat' dir='ltr'><strong>ar&#39;cotr&#39;</strong></span> <span class='ocrx_word' id='word_1_275' title='bbox 318 3621 430 3678; x_wconf 78' lang='lat' dir='ltr'><strong>caduca</strong></span> <span class='ocrx_word' id='word_1_276' title='bbox 443 3621 623 3688; x_wconf 70' lang='lat' dir='ltr'><strong>occuparint.</strong></span> 
     </span>
    </p>

    <p class='ocr_par' dir='ltr' id='par_1_4' title="bbox 215 3691 1340 4176">
     <span class='ocr_line' id='line_1_35' title="bbox 263 3691 1339 3775; baseline 0.003 -27"><span class='ocrx_word' id='word_1_277' title='bbox 263 3701 273 3748; x_wconf 90' lang='lat'>1</span> <span class='ocrx_word' id='word_1_278' title='bbox 294 3713 435 3766; x_wconf 81' lang='lat' dir='ltr'><strong>quantam</strong></span> <span class='ocrx_word' id='word_1_279' title='bbox 450 3719 500 3758; x_wconf 79' lang='lat' dir='ltr'><strong>res</strong></span> <span class='ocrx_word' id='word_1_280' title='bbox 515 3708 608 3772; x_wconf 73' lang='lat' dir='ltr'><strong>perer,</strong></span> <span class='ocrx_word' id='word_1_281' title='bbox 622 3691 821 3775; x_wconf 79' lang='lat' dir='ltr'><strong>hauriemus]</strong></span> <span class='ocrx_word' id='word_1_282' title='bbox 844 3695 930 3755; x_wconf 87' lang='lat' dir='ltr'><strong>Dion.</strong></span> <span class='ocrx_word' id='word_1_283' title='bbox 946 3693 1156 3762; x_wconf 64' lang='lat' dir='ltr'><strong>Lambinus&amp;</strong></span> <span class='ocrx_word' id='word_1_284' title='bbox 1176 3703 1243 3770; x_wconf 86' lang='lat' dir='ltr'><strong>post</strong></span> <span class='ocrx_word' id='word_1_285' title='bbox 1256 3691 1339 3752; x_wconf 89' lang='lat' dir='ltr'><strong>illum</strong></span> 
     </span>
     <span class='ocr_line' id='line_1_36' title="bbox 218 3771 1340 3852; baseline -0.004 -20"><span class='ocrx_word' id='word_1_286' title='bbox 218 3771 307 3832; x_wconf 81' lang='lat' dir='ltr'><strong>editio</strong></span> <span class='ocrx_word' id='word_1_287' title='bbox 318 3775 456 3837; x_wconf 85' lang='lat' dir='ltr'><strong>Btaviana</strong></span> <span class='ocrx_word' id='word_1_288' title='bbox 469 3778 600 3847; x_wconf 85' lang='lat' dir='ltr'><strong>exbibet,</strong></span> <span class='ocrx_word' id='word_1_289' title='bbox 615 3779 792 3845; x_wconf 78' lang='lat' dir='ltr'><strong>hauriamus,</strong></span> <span class='ocrx_word' id='word_1_290' title='bbox 806 3774 895 3852; x_wconf 83' lang='lat' dir='ltr'><strong>quarn</strong></span> <span class='ocrx_word' id='word_1_291' title='bbox 909 3776 1069 3835; x_wconf 84' lang='lat' dir='ltr'><strong>lectionem</strong></span> <span class='ocrx_word' id='word_1_292' title='bbox 1083 3792 1182 3834; x_wconf 85' lang='lat' dir='ltr'><strong>veram</strong></span> <span class='ocrx_word' id='word_1_293' title='bbox 1194 3791 1261 3832; x_wconf 85' lang='lat' dir='ltr'><strong>esse</strong></span> <span class='ocrx_word' id='word_1_294' title='bbox 1270 3771 1340 3832; x_wconf 85' lang='lat' dir='ltr'><strong>fate·</strong></span> 
     </span>
     <span class='ocr_line' id='line_1_37' title="bbox 217 3851 1339 3934; baseline -0.004 -21"><span class='ocrx_word' id='word_1_295' title='bbox 217 3851 306 3924; x_wconf 87' lang='lat' dir='ltr'><strong>bitur,</strong></span> <span class='ocrx_word' id='word_1_296' title='bbox 315 3853 448 3931; x_wconf 91' lang='lat' dir='ltr'><strong>quisquis</strong></span> <span class='ocrx_word' id='word_1_297' title='bbox 456 3860 490 3914; x_wconf 89' lang='lat' dir='ltr'><strong>ad</strong></span> <span class='ocrx_word' id='word_1_298' title='bbox 500 3857 628 3933; x_wconf 87' lang='lat' dir='ltr'><strong>primam</strong></span> <span class='ocrx_word' id='word_1_299' title='bbox 637 3855 789 3916; x_wconf 81' lang='lat' dir='ltr'><strong>sententia</strong></span> <span class='ocrx_word' id='word_1_300' title='bbox 802 3867 917 3934; x_wconf 84' lang='lat' dir='ltr'><strong>partem</strong></span> <span class='ocrx_word' id='word_1_301' title='bbox 925 3854 1087 3931; x_wconf 70' lang='lat' dir='ltr'><strong>suspiciott</strong></span> <span class='ocrx_word' id='word_1_302' title='bbox 1107 3873 1198 3926; x_wconf 78' lang='lat' dir='ltr'><strong>neque</strong></span> <span class='ocrx_word' id='word_1_303' title='bbox 1209 3861 1339 3924; x_wconf 74' lang='lat' dir='ltr'><strong>teramus,</strong></span> 
     </span>
     <span class='ocr_line' id='line_1_38' title="bbox 215 3929 1336 4010; baseline -0.003 -18"><span class='ocrx_word' id='word_1_304' title='bbox 215 3937 268 3992; x_wconf 80' lang='lat' dir='ltr'><strong>aad</strong></span> <span class='ocrx_word' id='word_1_305' title='bbox 281 3933 468 3994; x_wconf 84' lang='lat' dir='ltr'><strong>hauriamus=</strong></span> <span class='ocrx_word' id='word_1_306' title='bbox 489 3939 568 3996; x_wconf 82' lang='lat' dir='ltr'><strong>Haec</strong></span> <span class='ocrx_word' id='word_1_307' title='bbox 582 3949 628 3997; x_wconf 88' lang='lat' dir='ltr'><strong>est</strong></span> <span class='ocrx_word' id='word_1_308' title='bbox 638 3936 789 3998; x_wconf 80' lang='lat' dir='ltr'><strong>seutentiae</strong></span> <span class='ocrx_word' id='word_1_309' title='bbox 804 3933 982 3996; x_wconf 84' lang='lat' dir='ltr'><strong>constructio</strong></span> <span class='ocrx_word' id='word_1_310' title='bbox 994 3955 1002 4003; x_wconf 87' lang='lat'>;</span> <span class='ocrx_word' id='word_1_311' title='bbox 1023 3936 1087 4005; x_wconf 88' lang='lat' dir='ltr'><strong>aed,</strong></span> <span class='ocrx_word' id='word_1_312' title='bbox 1100 3931 1171 3992; x_wconf 77' lang='lat' dir='ltr'><strong>eam</strong></span> <span class='ocrx_word' id='word_1_313' title='bbox 1181 3929 1277 4010; x_wconf 78' lang='lat' dir='ltr'><strong>ignari</strong></span> <span class='ocrx_word' id='word_1_314' title='bbox 1290 3933 1336 3989; x_wconf 87' lang='lat' dir='ltr'><strong>ho-</strong></span> 
     </span>
     <span class='ocr_line' id='line_1_39' title="bbox 216 4011 1337 4091; baseline -0.004 -18"><span class='ocrx_word' id='word_1_315' title='bbox 216 4014 314 4074; x_wconf 85' lang='lat' dir='ltr'><strong>mines</strong></span> <span class='ocrx_word' id='word_1_316' title='bbox 327 4015 460 4076; x_wconf 82' lang='lat' dir='ltr'><strong>viderent</strong></span> <span class='ocrx_word' id='word_1_317' title='bbox 466 4025 548 4086; x_wconf 78' lang='lat' dir='ltr'><strong>lieret</strong></span> <span class='ocrx_word' id='word_1_318' title='bbox 563 4021 652 4077; x_wconf 79' lang='lat' dir='ltr'><strong>&amp;crit</strong></span> <span class='ocrx_word' id='word_1_319' title='bbox 663 4019 752 4076; x_wconf 85' lang='lat' dir='ltr'><strong>verba</strong></span> <span class='ocrx_word' id='word_1_320' title='bbox 765 4013 855 4076; x_wconf 83' lang='lat' dir='ltr'><strong>futuri</strong></span> <span class='ocrx_word' id='word_1_321' title='bbox 864 4011 1016 4091; x_wconf 84' lang='lat' dir='ltr'><strong>temporis,</strong></span> <span class='ocrx_word' id='word_1_322' title='bbox 1026 4015 1064 4072; x_wconf 92' lang='lat' dir='ltr'><strong>ad</strong></span> <span class='ocrx_word' id='word_1_323' title='bbox 1076 4014 1206 4073; x_wconf 81' lang='lat' dir='ltr'><strong>eundern</strong></span> <span class='ocrx_word' id='word_1_324' title='bbox 1216 4012 1337 4070; x_wconf 88' lang='lat' dir='ltr'><strong>modum</strong></span> 
     </span>
     <span class='ocr_line' id='line_1_40' title="bbox 216 4092 943 4176; baseline 0.011 -26"><span class='ocrx_word' id='word_1_325' title='bbox 216 4097 382 4154; x_wconf 74' lang='lat' dir='ltr'><strong>hauriemus</strong></span> <span class='ocrx_word' id='word_1_326' title='bbox 403 4092 591 4172; x_wconf 83' lang='lat' dir='ltr'><strong>scripserunt·</strong></span> <span class='ocrx_word' id='word_1_327' title='bbox 938 4161 943 4176; x_wconf 60' lang='grc'><em>,</em></span> 
     </span>
    </p>

    <p class='ocr_par' dir='ltr' id='par_1_5' title="bbox 255 4171 1303 4256">
     <span class='ocr_line' id='line_1_41' title="bbox 255 4171 1303 4256; baseline -0.005 -26"><span class='ocrx_word' id='word_1_328' title='bbox 255 4181 273 4230; x_wconf 81' lang='lat'>2</span> <span class='ocrx_word' id='word_1_329' title='bbox 287 4179 318 4233; x_wconf 85' lang='lat' dir='ltr'><strong>in</strong></span> <span class='ocrx_word' id='word_1_330' title='bbox 326 4185 382 4236; x_wconf 78' lang='lat' dir='ltr'><strong>tor</strong></span> <span class='ocrx_word' id='word_1_331' title='bbox 393 4173 511 4256; x_wconf 57' lang='lat' dir='ltr'><strong>ignum]</strong></span> <span class='ocrx_word' id='word_1_332' title='bbox 530 4173 609 4233; x_wconf 87' lang='lat' dir='ltr'><strong>Hinc</strong></span> <span class='ocrx_word' id='word_1_333' title='bbox 623 4177 660 4236; x_wconf 87' lang='lat' dir='ltr'><strong>de</strong></span> <span class='ocrx_word' id='word_1_334' title='bbox 675 4177 790 4236; x_wconf 84' lang='lat' dir='ltr'><strong>Ornata</strong></span> <span class='ocrx_word' id='word_1_335' title='bbox 810 4173 947 4235; x_wconf 75' lang='lat' dir='ltr'><strong>omtionis</strong></span> <span class='ocrx_word' id='word_1_336' title='bbox 959 4175 1088 4248; x_wconf 74' lang='lat' dir='ltr'><strong>Crassus</strong></span> <span class='ocrx_word' id='word_1_337' title='bbox 1101 4171 1234 4232; x_wconf 88' lang='lat' dir='ltr'><strong>dicturus</strong></span> <span class='ocrx_word' id='word_1_338' title='bbox 1245 4179 1303 4228; x_wconf 85' lang='lat' dir='ltr'><strong>est.</strong></span> 
     </span>
    </p>

    <p class='ocr_par' dir='ltr' id='par_1_6' title="bbox 215 4247 1338 4489">
     <span class='ocr_line' id='line_1_42' title="bbox 257 4247 1337 4331; baseline -0.003 -21"><span class='ocrx_word' id='word_1_339' title='bbox 257 4261 274 4310; x_wconf 85' lang='grc'>3</span> <span class='ocrx_word' id='word_1_340' title='bbox 289 4260 465 4328; x_wconf 68' lang='lat' dir='ltr'><strong>sappeditat,</strong></span> <span class='ocrx_word' id='word_1_341' title='bbox 496 4252 663 4331; x_wconf 87' lang='lat' dir='ltr'><strong>Aliquando</strong></span> <span class='ocrx_word' id='word_1_342' title='bbox 677 4260 744 4316; x_wconf 88' lang='lat' dir='ltr'><strong>haec</strong></span> <span class='ocrx_word' id='word_1_343' title='bbox 758 4275 816 4314; x_wconf 84' lang='lat' dir='ltr'><strong>vox</strong></span> <span class='ocrx_word' id='word_1_344' title='bbox 834 4254 874 4317; x_wconf 90' lang='lat' dir='ltr'><strong>ita</strong></span> <span class='ocrx_word' id='word_1_345' title='bbox 891 4253 1016 4330; x_wconf 88' lang='lat' dir='ltr'><strong>ponitur,</strong></span> <span class='ocrx_word' id='word_1_346' title='bbox 1031 4266 1065 4312; x_wconf 90' lang='lat' dir='ltr'><strong>ut</strong></span> <span class='ocrx_word' id='word_1_347' title='bbox 1085 4252 1144 4320; x_wconf 82' lang='lat' dir='ltr'><strong>hic,</strong></span> <span class='ocrx_word' id='word_1_348' title='bbox 1158 4269 1214 4326; x_wconf 89' lang='lat' dir='ltr'><strong>pro</strong></span> <span class='ocrx_word' id='word_1_349' title='bbox 1226 4247 1337 4326; x_wconf 83' lang='lat' dir='ltr'><strong>passiva</strong></span> 
     </span>
     <span class='ocr_line' id='line_1_43' title="bbox 215 4328 1338 4408; baseline -0.008 -11"><span class='ocrx_word' id='word_1_350' title='bbox 215 4339 442 4404; x_wconf 63' lang='lat' dir='ltr'><strong>suppeditatur:</strong></span> <span class='ocrx_word' id='word_1_351' title='bbox 458 4355 500 4396; x_wconf 81' lang='lat' dir='ltr'><strong>sic</strong></span> <span class='ocrx_word' id='word_1_352' title='bbox 515 4333 603 4395; x_wconf 87' lang='lat' dir='ltr'><strong>etiam</strong></span> <span class='ocrx_word' id='word_1_353' title='bbox 614 4335 732 4394; x_wconf 66' lang='lat' dir='ltr'><strong>dcoffic,</strong></span> <span class='ocrx_word' id='word_1_354' title='bbox 746 4335 766 4392; x_wconf 75' lang='lat' dir='ltr'><strong>i</strong></span> <span class='ocrx_word' id='word_1_355' title='bbox 782 4345 809 4393; x_wconf 81' lang='lat'><strong>4.</strong></span> <span class='ocrx_word' id='word_1_356' title='bbox 816 4345 929 4406; x_wconf 70' lang='lat' dir='ltr'><strong>parare</strong></span> <span class='ocrx_word' id='word_1_357' title='bbox 942 4354 985 4402; x_wconf 86' lang='lat' dir='ltr'><strong>ea,</strong></span> <span class='ocrx_word' id='word_1_358' title='bbox 996 4355 1057 4408; x_wconf 75' lang='lat' dir='ltr'><strong>qun</strong></span> <span class='ocrx_word' id='word_1_359' title='bbox 1067 4328 1338 4408; x_wconf 77' lang='lat' dir='ltr'><strong>suppeditenterad</strong></span> 
     </span>
     <span class='ocr_line' id='line_1_44' title="bbox 215 4408 1336 4489; baseline -0.004 -24"><span class='ocrx_word' id='word_1_360' title='bbox 215 4414 322 4467; x_wconf 82' lang='lat' dir='ltr'><strong>cultum</strong></span> <span class='ocrx_word' id='word_1_361' title='bbox 331 4429 360 4469; x_wconf 85' lang='lat' dir='ltr'><strong>er</strong></span> <span class='ocrx_word' id='word_1_362' title='bbox 371 4419 410 4470; x_wconf 85' lang='lat' dir='ltr'><strong>ad</strong></span> <span class='ocrx_word' id='word_1_363' title='bbox 418 4421 546 4475; x_wconf 81' lang='lat' dir='ltr'><strong>victum:</strong></span> <span class='ocrx_word' id='word_1_364' title='bbox 566 4427 597 4474; x_wconf 86' lang='lat' dir='ltr'><strong>et</strong></span> <span class='ocrx_word' id='word_1_365' title='bbox 607 4413 717 4489; x_wconf 84' lang='lat' dir='ltr'><strong>saepius</strong></span> <span class='ocrx_word' id='word_1_366' title='bbox 727 4419 839 4475; x_wconf 86' lang='lat' dir='ltr'><strong>Noster</strong></span> <span class='ocrx_word' id='word_1_367' title='bbox 851 4415 927 4487; x_wconf 85' lang='lat' dir='ltr'><strong>dixit</strong></span> <span class='ocrx_word' id='word_1_368' title='bbox 938 4418 1003 4474; x_wconf 85' lang='lat' dir='ltr'><strong>vito</strong></span> <span class='ocrx_word' id='word_1_369' title='bbox 1013 4415 1181 4488; x_wconf 71' lang='lat' dir='ltr'><strong>suppeditat</strong></span> <span class='ocrx_word' id='word_1_370' title='bbox 1190 4425 1245 4483; x_wconf 86' lang='lat' dir='ltr'><strong>pro</strong></span> <span class='ocrx_word' id='word_1_371' title='bbox 1253 4408 1336 4466; x_wconf 81' lang='lat' dir='ltr'><strong>uiuit.</strong></span> 
     </span>
    </p>

    <p class='ocr_par' dir='ltr' id='par_1_7' title="bbox 254 4484 1336 4579">
     <span class='ocr_line' id='line_1_45' title="bbox 254 4484 1336 4579; baseline -0.003 -34"><span class='ocrx_word' id='word_1_372' title='bbox 254 4497 273 4545; x_wconf 77' lang='lat'><em>4</em></span> <span class='ocrx_word' id='word_1_373' title='bbox 288 4495 327 4546; x_wconf 85' lang='lat' dir='ltr'><strong>od</strong></span> <span class='ocrx_word' id='word_1_374' title='bbox 340 4502 564 4564; x_wconf 80' lang='lat' dir='ltr'><strong>cognoscendum</strong></span> <span class='ocrx_word' id='word_1_375' title='bbox 579 4484 802 4568; x_wconf 62' lang='lat' dir='ltr'><strong>instandumque</strong></span> <span class='ocrx_word' id='word_1_376' title='bbox 813 4494 958 4572; x_wconf 86' lang='lat' dir='ltr'><strong>delegerit</strong></span> <span class='ocrx_word' id='word_1_377' title='bbox 970 4495 996 4576; x_wconf 77' lang='lat'><strong>3]</strong></span> <span class='ocrx_word' id='word_1_378' title='bbox 1017 4495 1086 4557; x_wconf 89' lang='lat' dir='ltr'><strong>Non</strong></span> <span class='ocrx_word' id='word_1_379' title='bbox 1100 4491 1140 4550; x_wconf 87' lang='lat' dir='ltr'><strong>ita</strong></span> <span class='ocrx_word' id='word_1_380' title='bbox 1151 4486 1336 4579; x_wconf 74' lang='lat' dir='ltr'><strong>indiligenter</strong></span> 
     </span>
    </p>
   </div>
   <div class='ocr_carea' id='block_1_4' title="bbox 93 4565 1334 4659">
    <p class='ocr_par' dir='ltr' id='par_1_8' title="bbox 93 4565 1334 4659">
     <span class='ocr_line' id='line_1_46' title="bbox 93 4565 1334 4659; baseline -0.003 -32"><span class='ocrx_word' id='word_1_381' title='bbox 93 4601 94 4605; x_wconf 62' lang='lat'><em>=</em></span> <span class='ocrx_word' id='word_1_382' title='bbox 213 4567 456 4646; x_wconf 85' lang='lat' dir='ltr'><strong>scripsitCiccro,</strong></span> <span class='ocrx_word' id='word_1_383' title='bbox 466 4574 624 4656; x_wconf 82' lang='lat' dir='ltr'><strong>utabsjus</strong></span> <span class='ocrx_word' id='word_1_384' title='bbox 633 4589 722 4659; x_wconf 79' lang='lat' dir='ltr'><strong>mauu</strong></span> <span class='ocrx_word' id='word_1_385' title='bbox 731 4565 882 4654; x_wconf 62' lang='lat' dir='ltr'><strong>uulgatum</strong></span> <span class='ocrx_word' id='word_1_386' title='bbox 891 4574 1050 4642; x_wconf 77' lang='lat' dir='ltr'><strong>lectionem</strong></span> <span class='ocrx_word' id='word_1_387' title='bbox 1058 4574 1185 4647; x_wconf 71' lang='lat' dir='ltr'><strong>cognorit</strong></span> <span class='ocrx_word' id='word_1_388' title='bbox 1194 4567 1334 4649; x_wconf 79' lang='lat' dir='ltr'><strong>prodiisse</strong></span> 
     </span>
    </p>
   </div>
   <div class='ocr_carea' id='block_1_5' title="bbox 0 0 1446 5012">
    <p class='ocr_par' dir='ltr' id='par_1_9' title="bbox 0 0 1446 5012">
     <span class='ocr_line' id='line_1_47' title="bbox 0 0 1446 5012; baseline 0 5"><span class='ocrx_word' id='word_1_389' title='bbox 0 0 1446 5012; x_wconf 95' lang='lat' dir='ltr'><strong> </strong></span> 
     </span>
    </p>
   </div>
  </div>
 </body>
</html>
