2808 5020
247 395 299 450 1³2
648 387 710 452 DE
725 387 930 452 ORATORE

247 532 398 610 oscitans
417 531 600 632 sapientia,
628 533 734 610 simu
759 545 865 635 aupue
888 534 933 610 ad
958 555 1035 610 eam
1059 531 1262 632 confugero,
1293 530 1333 606 in
1362 572 1365 579 -

248 633 446 706 libertatem
459 631 657 710 vindicabit.
1384 629 1385 722 ἶ

295 728 461 804 XXXIV.
486 727 605 828 Hujus
617 732 759 828 quidem
783 731 862 810 looi,
887 753 994 828 quem
1008 727 1115 806 modu
1143 751 1222 802 sum
1237 749 1334 804 exor·
1384 729 1385 816 ζ

246 850 317 908 sus,
332 827 389 900 hic
402 837 455 900 est
471 827 560 910 finis,
577 829 693 925 inquit
713 828 894 902 Antonius
903 857 913 919 ;
936 827 1103 927 quonium
1119 826 1334 925 intelligitus,
1384 859 1385 874 .

247 950 322 1002 non
331 923 369 998 in
386 925 566 1002 hominum
578 927 887 1004 innumerabilibus
896 925 1064 1025 personis,
1076 946 1198 1021 neque
1212 926 1251 1000 in
1264 924 1337 997 infi-
1384 927 1385 930 ’

244 1023 320 1098 uita
335 1031 531 1122 temporum
553 1025 726 1108 varietate,
752 1025 867 1100 sedin
888 1049 1056 1124 generum
1082 1023 1211 1098 massis
1231 1032 1337 1119 atque
1384 1029 1385 1032 ’

245 1121 380 1214 naturis
395 1123 510 1200 omnia
525 1124 588 1199 sita
600 1149 690 1207 esse,
707 1143 790 1222 qum
802 1124 840 1198 in
851 1125 998 1198 dubium
1013 1129 1244 1210 vocarentur;
1282 1143 1339 1217 ge·

244 1239 330 1296 nera
352 1228 470 1293 autern
485 1245 562 1294 esse
577 1223 723 1294 definita
750 1245 824 1295 non
844 1224 959 1296 solum
975 1245 1132 1305 numero,
1147 1221 1209 1293 sed
1234 1218 1341 1294 etiam

244 1315 442 1416 paucitate;
466 1327 507 1392 ut
522 1343 597 1392 eam
612 1319 791 1392 materiem
807 1320 988 1402 orationis,
1005 1344 1088 1417 quae
1103 1319 1275 1414 cujusque
1291 1337 1341 1387 es

245 1425 303 1490 set
326 1415 475 1512 generis,
495 1416 643 1493 studiosi
672 1417 734 1514 qui
753 1426 876 1492 essent
891 1418 1041 1499 dicendi,
1062 1419 1221 1490 omnibus
1252 1413 1341 1488 locis

245 1513 463 1611 descriptam,
492 1514 709 1598 instructam,
738 1525 965 1612 ornatamque
992 1513 1343 1614 comprehenderent

245 1611 349 1686 rebus
361 1610 439 1686 dico
451 1623 489 1687 et
499 1614 696 1688 sententiis.
746 1618 812 1688 Eae
840 1615 872 1687 vi
893 1637 956 1687 sua
970 1616 1071 1688 verbe
1091 1611 1239 1712 parient,
1255 1631 1343 1706 quae

246 1731 381 1806 semper
389 1711 474 1784 satis
490 1721 611 1786 ornatu
622 1712 705 1786 mihi
722 1713 864 1810 quidem
873 1712 979 1786 videri
992 1712 1117 1792 solent,
1127 1710 1157 1786 ei
1173 1705 1345 1804 ejusmodi

247 1817 345 1892 sunt,
369 1817 410 1881 ut
431 1835 471 1882 ea
485 1834 543 1884 res
574 1811 651 1908 ipsa
672 1812 846 1908 peperisse
871 1811 1037 1884 videatur.
1087 1810 1153 1888 Ao,
1175 1809 1342 1878 sinerum

246 1904 405 2006 quoeritis
427 1909 522 2003 quod
548 1909 631 1982 mihi
665 1909 808 2004 quidem
823 1908 1001 1992 videatur3
1025 1905 1113 1979 nihil
1128 1903 1224 1978 enim
1250 1901 1343 1976 aliud

245 2003 411 2074 affinnare
437 2027 591 2098 possum,
615 2005 680 2076 nisi
707 2005 918 2078 sententiam
940 2014 977 2076 et
997 2003 1340 2101 opinionem‘meauu

246 2097 315 2172 hoc
331 2096 601 2172 instrumentum
618 2123 818 2174 caussarum
844 2109 882 2174 et
902 2097 1079 2197 generum
1098 2098 1340 2174 universorum

247 2196 286 2270 in
297 2198 412 2272 forum
429 2197 562 2272 deferre
575 2200 764 2289 debemus3
788 2222 921 2296 neque,
938 2209 1142 2296 utquoeque
1163 2221 1219 2270 res
1232 2196 1339 2270 delata

247 2295 292 2370 ad
307 2319 374 2370 nos
384 2295 457 2379 erit,
473 2305 550 2370 tum
567 2297 721 2394 denique
744 2297 888 2371 scrutari
905 2297 1012 2378 locos,
1029 2321 1074 2370 ex
1099 2295 1226 2394 quibos
1250 2319 1340 2392 argu·

247 2403 367 2468 menta
379 2416 561 2481 eruamus3
586 2419 670 2492 quae
684 2396 829 2491 quidem
841 2394 1014 2477 omnibus,
1030 2395 1090 2492 qui
1108 2418 1148 2467 ea
1163 2391 1341 2466 mediocri·

247 2499 304 2563 ter
314 2487 420 2563 modu
433 2491 696 2573 considerarint,
706 2491 823 2564 studio
833 2490 988 2568 adhibito
999 2501 1036 2566 et
1048 2516 1127 2575 usu,
1139 2497 1340 2590 pertractata
1386 2526 1387 2598 t

247 2609 326 2660 cese
341 2595 508 2683 possuut;
532 2589 595 2662 sed
611 2599 728 2664 tamen
739 2589 876 2662 anisius
887 2591 1093 2664 referendus
1110 2599 1164 2664 est
1178 2591 1223 2662 ad
1241 2611 1339 2664 eaca-
1386 2601 1387 2674 t

226 2678 328 2784 ‘pita
342 2693 381 2757 et
395 2683 442 2758 ad
455 2683 545 2769 illos,
557 2711 647 2784 quos
659 2708 753 2785 saepe
765 2687 837 2784 jam
853 2687 1026 2786 appellavi,
1041 2689 1149 2772 looos,
1159 2713 1205 2764 ex
1220 2688 1341 2786 quibis
1386 2683 1387 2760 t

247 2781 363 2857 omnia
386 2782 430 2855 ad
452 2808 591 2858 omnem
615 2786 808 2860 orationem
823 2785 969 2858 inventa
984 2786 1173 2860 ducuntur.
1223 2787 1340 2884 Atque

247 2879 316 2960 hoc
331 2890 447 2954 totum
464 2891 517 2955 est
541 2883 612 2957 sive
628 2883 722 2964 artis,
740 2883 810 2956 sive
834 2883 1153 2962 animadversionis,
1169 2881 1242 2955 sive
1267 2903 1342 2958 oon·
1386 2917 1387 2920 ¹

247 2979 457 3064 suetudinis,
469 3003 577 3056 nosse
593 2981 768 3080 regiones,
781 2981 871 3055 intra
883 3004 968 3080 quas
983 3004 1111 3054 venere
1125 2989 1163 3052 et
1179 2977 1342 3078 pervecti·

249 3102 322 3176 ges,
345 3077 441 3180 quod
455 3103 615 3176 quaeras:
638 3080 699 3154 ubi
727 3105 810 3154 eum
837 3081 953 3156 locum
968 3101 1110 3152 omnem
1130 3076 1341 3174 cogitatione

249 3176 411 3287 sepseris,
423 3176 452 3249 si
464 3176 571 3251 modo
589 3203 693 3252 usurn
708 3204 826 3253 rerum
853 3175 1084 3276 percallueris,
1100 3173 1188 3250 nihil
1200 3184 1238 3249 te
1264 3175 1339 3248 effu

17 3287 19 3352 ἓ
135 3281 138 3286 ’
207 3282 331 3374 pret,
342 3282 449 3369 atque
461 3301 579 3360 omne,
593 3278 688 3374 quod
700 3277 766 3350 erit
790 3277 827 3351 in
842 3300 891 3359 re,
903 3275 1060 3350 occurrit
1074 3283 1181 3372 atque
1202 3273 1337 3350 incidet.

299 3371 448 3449 XXXV.
472 3375 521 3449 Et
532 3375 592 3456 sic,
618 3378 699 3450 cum
723 3375 766 3450 ad
782 3374 1033 3448 inveniendum
1049 3373 1087 3447 in
1113 3373 1265 3448 dicendo
1280 3368 1338 3442 tria

251 3468 350 3558 sint;
373 3495 532 3551 acumen,
548 3472 677 3556 deinde
694 3472 780 3545 ratio
798 3475 919 3568 (quam
935 3472 1028 3554 licet.
1051 3471 1081 3545 si
1097 3472 1268 3552 volmnus,
1289 3491 1338 3563 ap

250 3565 423 3663 pellemus
445 3571 583 3659 artem)
600 3569 748 3642 tertium
763 3568 962 3668 diligentia3
987 3593 1064 3642 non
1084 3585 1228 3667 possum
1250 3563 1336 3664 equi·

251 3663 332 3738 dem
359 3689 434 3740 non
452 3665 598 3762 ingenio
614 3667 984 3764 primasssoonoedere:
1010 3667 1071 3742 sed
1087 3677 1205 3742 tamen
1232 3665 1243 3738 i
1284 3685 1337 3735 urn

251 3756 431 3856 ingenium
448 3763 627 3862 diligentia
639 3764 742 3840 etiam
757 3789 802 3838 ex
818 3765 986 3843 tarditate
998 3764 1131 3840 incitat.
1165 3765 1240 3839 3D'
1254 3764 1339 3859 igen-

249 3856 310 3940 tia,
334 3858 569 3958 iuquamquae
587 3889 669 3940 oum
685 3864 845 3938 omnibus
860 3866 898 3940 in
922 3865 1039 3944 rebus,
1060 3872 1137 3937 tum
1160 3865 1198 3939 in
1215 3856 1336 3937 caussis

251 3955 482 4032 defendendis
507 3960 695 4056 plurimum
715 3962 820 4037 valet.
863 3965 963 4037 'Haec
988 3955 1168 4060 precipue
1197 3955 1336 4036 colenda

251 4064 308 4128 est
325 4055 443 4146 nobis;
468 4055 549 4134 haec
572 4085 707 4159 semper
716 4060 936 4149 adhibenda3
959 4060 1051 4142 haec,
1066 4060 1153 4134 nihil
1168 4071 1234 4143 est,
1250 4049 1337 4162 quofi

251 4177 327 4234 non
352 4168 567 4256 assequatur.
617 4161 751 4236 Caussa
775 4167 815 4234 ut
839 4159 994 4257 penitus,
1019 4160 1116 4258 quod
1136 4158 1238 4234 initio
1261 4154 1336 4228 dixu

293 4321 497 4396 mitigantia,
514 4324 640 4396 inquom,
655 4342 722 4402 quae
738 4345 811 4397 cam,
822 4317 899 4404 etc]
915 4323 950 4384 In
967 4324 1095 4402 vulgatis
1108 4343 1167 4384 vox
1181 4325 1241 4394 qut
1253 4321 1336 4382 abest

254 4397 307 4490 sed
320 4403 464 4492 reperitur
475 4401 506 4460 in
520 4403 618 4462 MStis
629 4403 710 4462 Joan.
721 4406 804 4463 Cant.
813 4405 905 4484 wag.
920 4407 1005 4468 Harl.
1021 4414 1044 4465 1.
1055 4405 1124 4468 Nec
1136 4401 1220 4468 aliter
1229 4405 1336 4472 Arcena

254 4491 315 4540 stus
333 4480 432 4554 eunt,
442 4493 472 4546 et
485 4482 648 4550 Lambinus
657 4503 696 4546 ex
707 4483 768 4548 suis
782 4483 889 4552 nsua.
