2882 5012
193 286 252 340 256
609 277 668 338 DE
687 274 893 338 ORATORE

197 434 315 504 coects
335 434 372 500 et
386 425 577 524 angustiis3
601 435 814 526 portantem
840 423 1024 500 delectatio
1044 421 1325 522 jucundiusque

195 522 392 602 celebravit:
418 547 510 606 nam,
527 533 568 598 ut
581 526 686 598 vestis
706 525 841 623 frigoris
854 523 1052 622 depellendi
1066 523 1187 598 caussis
1206 544 1325 620 reper-

195 635 230 700 u
245 621 370 720 primo,
388 633 467 734 [rost
487 621 641 698 adhiberi
658 634 773 722 ooepta
786 643 837 696 est
848 623 891 695 ad
904 632 1065 698 ornatum
1082 623 1186 696 etiam
1197 643 1328 718 corpu

192 722 239 796 ris
255 733 294 794 et
306 719 535 820 dignitatem,
559 723 609 796 sic
632 724 720 794 verbi
740 720 914 796 translatio
936 721 1096 794 instituta
1112 733 1168 794 est
1186 717 1327 816 inopioe

192 845 325 900 caussa,
348 819 566 920 frequentata
595 821 847 895 delectationis.
898 820 987 893 Nam
1010 844 1195 912 gemmare
1219 821 1328 895 vires,

192 919 628 1004 innumerositates,
643 919 753 994 2iaeias
768 917 1018 1014 segetesetiam
1037 919 1154 992 rustici
1171 916 1329 990 dicunt:

192 1015 289 1116 quod
301 1018 398 1092 enim
418 1019 582 1092 declarari
601 1019 658 1092 vix
676 1021 777 1094 verbo
794 1045 854 1117 pro
878 1017 929 1092 rio
953 1027 1081 1116 potest,
1098 1017 1133 1090 id
1149 1016 1333 1088 translato

191 1113 272 1188 crim
289 1127 345 1188 est
369 1117 514 1196 dictum,
533 1117 684 1192 illustrat
707 1118 755 1196 id,
773 1045 1030 1214 quorfintelligi
1057 1115 1223 1195 volumus,
1239 1113 1326 1212 ejus

189 1211 252 1296 rei,
302 1237 381 1286 uam
405 1212 518 1284 alieno
543 1214 645 1284 uerbo
667 1215 861 1308 posuimus,
884 1214 1084 1288 similitudo.
1136 1216 1232 1310 Ergo
1260 1215 1330 1288 hoe

192 1321 271 1385 tran
320 1309 532 1408 tionesquasi
544 1308 780 1382 mutuationes
790 1321 890 1390 sunt,
900 1311 1331 1406 cumquodnonhabeas,

189 1409 331 1486 aliunde
348 1433 479 1484 sumas:
492 1407 562 1480 illae
576 1405 892 1506 pauloaudaciores,
905 1429 988 1503 quae
1012 1431 1085 1478 non
1099 1407 1252 1504 inopiam
1267 1411 1333 1482 in·

191 1509 325 1594 dicant,
341 1507 402 1582 sed
414 1505 560 1582 orationi
583 1505 776 1604 splendoris
793 1503 926 1604 aliquid
943 1513 1145 1590 arcessunt;
1168 1529 1332 1602 quarum

188 1633 254 1708 ego
269 1609 355 1706 quid
365 1607 460 1680 vobis
470 1616 529 1678 aut
541 1603 743 1680 inveniendi
758 1604 938 1687 rationem,
951 1612 1009 1676 aut
1020 1626 1148 1699 genera
1163 1627 1290 1699 ponam
1308 1601 1333 1673 ?

237 1705 404 1782 XXXIX.
431 1705 447 1756 ³
465 1703 707 1779 Similitudinis
717 1713 769 1776 est
782 1704 826 1776 ad
848 1705 990 1775 verbum
1006 1725 1119 1774 unum
1135 1709 1328 1776 eontracta

190 1804 348 1888 brevitas,
366 1803 462 1902 quod
479 1807 624 1899 verbum
638 1803 675 1876 in
690 1803 803 1876 alieno
815 1803 906 1882 loco,
918 1811 1094 1896 tamquam
1112 1799 1151 1870 in
1166 1821 1243 1881 suo,
1259 1823 1329 1898 po·

189 1903 311 1984 situm,
327 1903 355 1978 si
380 1904 594 2002 agnoscitur,
608 1903 782 1986 delectat3
808 1900 836 1974 si
853 1901 966 1974 simile
981 1896 1068 1972 nihil
1085 1897 1202 1976 habet,
1215 1923 1325 2000 repu-

194 2001 321 2076 diatur.
371 2001 441 2076 Sed
457 2029 499 2076 ea
515 2002 692 2076 transferri
707 2010 862 2100 oportet,
885 2022 969 2096 quae
994 2009 1057 2072 aut
1076 1995 1257 2078 clariorem
1272 2001 1326 2074 sa-

190 2099 295 2178 ciunt
306 2127 401 2190 rem3
424 2111 466 2174 ut
482 2101 538 2174 illa
550 2099 677 2181 omnia,
748 2161 752 2168 .

267 2209 562 2264 —a-inharrescit
571 2223 662 2275 mare,
1117 2239 1119 2248 κ

232 2288 366 2343 Tenedrae
379 2289 631 2355 condemnantur,
649 2288 798 2355 noctisque
812 2293 841 2338 et
853 2282 977 2343 nimbdm
990 2291 1112 2341 occaecot
1125 2283 1239 2353 nigror,

227 2367 357 2421 Flamma
370 2369 542 2422 internubes
557 2377 699 2431 coruscet,
714 2368 806 2420 caium
821 2365 929 2418 tonitru
944 2355 1107 2427 contremit,

230 2443 353 2496 Grande
366 2445 450 2496 mrito
460 2445 546 2496 imeri
554 2445 691 2512 largifluo
705 2443 993 2508 suhitasrraeet'stitans
1008 2442 1095 2506 eadit,

232 2517 360 2586 Undique
373 2533 467 2571 omnes
482 2519 741 2584 vociferantium,
754 2520 822 2572 seui
837 2521 987 2574 exsistunt
1001 2519 1154 2587 turbinesp

226 2597 335 2652 Fervit
356 2606 426 2652 estu
434 2598 559 2664 stedtgue

185 2685 398 2768 omniafere,
414 2681 486 2782 quh
499 2695 618 2758 essent
629 2687 780 2767 clariora,
789 2688 963 2762 translatis
975 2715 1037 2789 per
1051 2690 1316 2764 similitudinem

185 2785 296 2862 verbis
312 2783 520 2858 dictasunt:
545 2784 637 2858 taut
649 2783 722 2882 qud
739 2785 957 2884 significetur
973 2791 1080 2886 magis
1093 2814 1147 2862 rea
1159 2799 1242 2870 tota,
1270 2788 1317 2862 si-

185 2911 228 2960 ve
252 2883 334 2960 facti
359 2881 606 2978 alicujus„sive
630 2884 790 2970 consilii3
815 2886 950 2968 utillo,
975 2889 1035 2984 qui
1071 2887 1314 2966 occultantem

189 2981 365 3064 consultis,
382 3005 430 3056 ue
455 2979 502 3060 id,
517 2982 611 3078 quod
640 2992 811 3080 ageretur,
833 2984 982 3082 intelligi
1010 2993 1136 3085 postu,
1170 2983 1310 3058 duobus
1376 3054 1380 3060 .

185 3080 360 3157 translatis
376 3080 489 3154 verbis
501 3080 728 3154 similitudine
739 3082 817 3178 ipsis
831 3083 974 3166 indicat,
1107 3172 1111 3178 Α

187 3180 190 3188 ‘
227 3185 243 3231 5
262 3182 496 3254 Quandoquidem
507 3181 563 3238 iste
575 3184 778 3239 circumvestit
793 3183 887 3254 dictis,
902 3183 978 3251 restit
991 3180 1101 3240 seduli.

226 3368 243 3417 2
259 3356 479 3494 letoeeegetep}
492 3359 580 3418 Fcrtd
592 3363 671 3420 letos
686 3381 747 3418 esse
759 3375 882 3434 segetes,
908 3358 952 3419 uti
967 3361 1078 3419 Noster
1096 3361 1212 3418 locutus
1223 3355 1307 3418 estio

187 3443 302 3502 Orator.
317 3460 344 3498 c.
358 3447 406 3497 24.
470 3443 505 3496 'et
529 3455 627 3496 eorum
650 3439 704 3516 (sc.
720 3440 922 3519 rusticorum),
945 3459 1091 3514 gemmare
1114 3443 1204 3512 vires,
1227 3442 1308 3500 sitire

185 3539 286 3594 agros,
299 3529 377 3580 letos
388 3537 455 3578 esse
474 3531 596 3590 segetes.

226 3607 242 3656 3
257 3603 454 3660 Similitudinis
468 3595 529 3678 est]
558 3596 617 3659 ie.
631 3599 777 3659 translatio
800 3601 862 3661 sive
878 3601 1049 3678 metaphora
1072 3611 1118 3660 est
1145 3597 1306 3660 similitudo

185 3681 320 3760 quaedam
335 3678 462 3740 breviter
477 3699 536 3740 unc
549 3683 639 3740 verbo
648 3683 870 3756 comprehensa.
1139 3697 1142 3704 ’
1294 3699 1300 3706 ·

226 3769 243 3817 4
255 3772 306 3816 aur
321 3759 589 3842 qudaignificetur]
602 3760 680 3820 Ciam
695 3775 910 3835 praeoesserant
919 3765 1016 3831 verba,
1025 3782 1086 3834 que
1096 3772 1147 3821 out
1155 3763 1306 3818 clariorem

176 3844 297 3923 faciunt
308 3857 378 3906 rent,
392 3849 480 3911 putes
492 3840 670 3901 Ciceronem
686 3839 734 3899 hic
755 3842 907 3919 scripsisse
931 3855 982 3902 out
1003 3842 1109 3919 quibus
1122 3841 1307 3912 significetur

184 3929 280 3995 nogia
295 3939 342 3978 res
362 3931 440 3974 tota:
463 3922 515 3998 aad
535 3920 592 3982 ista
609 3920 760 4000 diligentia
774 3921 802 3981 in
817 3923 971 3982 scribendo
992 3923 1078 3980 illum
1101 3939 1165 3980 nou
1184 3935 1306 3996 semper
1404 3983 1405 3986 Ἴ

185 4022 273 4063 usum
290 4019 355 4060 esse
369 4018 408 4057 ex
423 3999 525 4058 multis
534 4003 685 4079 exemplis
698 4015 811 4062 constat
820 4023 831 4066 t,
841 4002 991 4062 Sententia
1001 4004 1067 4062 lraec
1082 4005 1128 4060 vel
1141 3999 1184 4058 sic
1194 4000 1305 4058 videtur

185 4083 346 4159 supplenda
360 4099 435 4148 esse,
458 4093 510 4134 out
523 4083 611 4140 verba
632 4081 783 4142 transferri
803 4096 928 4159 oportet,
950 4082 1199 4156 enseignemens
1214 4085 1305 4152 magis

184 4183 230 4220 ree
248 4175 328 4226 toro3
348 4160 460 4228 celsio,
472 4173 523 4215 out
534 4164 657 4221 verbum
672 4162 822 4222 transferri
839 4183 856 4220 o
896 4176 1027 4238 stetque
1043 4165 1237 4238 significetur,
1249 4173 1304 4218 etc.

225 4253 240 4298 5
256 4242 493 4314 Quandoquidem
505 4240 562 4299 iste
577 4245 783 4313 circumvestit,
797 4256 853 4302 etc.
892 4241 1041 4303 Gruterus
1061 4241 1188 4320 coniecit
1200 4243 1304 4315 legen·
1349 4265 1355 4274 “

183 4323 334 4378 dumosae
349 4321 466 4380 divisim
479 4327 505 4378 ia
515 4335 562 4380 te:
584 4324 636 4380 sed
646 4324 681 4379 ad
695 4341 818 4382 sensum
829 4325 985 4383 verborum
1006 4321 1241 4400 praecedentium
1256 4338 1305 4396 pa·

183 4418 250 4458 rum
261 4399 416 4458 attendisse
431 4401 546 4461 videtur
560 4423 568 4458 r
590 4404 656 4460 lraec
670 4401 751 4460 enirn
765 4405 801 4462 de
815 4423 852 4463 eo
866 4403 1013 4476 dicuntur,
1039 4401 1091 4481 qui
1114 4400 1240 4462 consului
1259 4419 1306 4457 oc·

183 4483 283 4546 culter,
294 4495 328 4531 ne
337 4479 378 4548 id,
393 4483 470 4550 quod
482 4481 532 4558 (ab
546 4482 626 4561 ipso)
637 4493 786 4556 ageretur,
800 4487 925 4561 intelligi
933 4495 1052 4558 noant:
1073 4482 1162 4543 Unde
1179 4499 1238 4558 ego
1262 4499 1308 4558 ref
