<?xml version="1.0" encoding="UTF-8"?>
<!DOCTYPE html PUBLIC "-//W3C//DTD XHTML 1.0 Transitional//EN"
    "http://www.w3.org/TR/xhtml1/DTD/xhtml1-transitional.dtd">
<html xmlns="http://www.w3.org/1999/xhtml" xml:lang="en" lang="en">
 <head>
  <title>
</title>
<meta http-equiv="Content-Type" content="text/html;charset=utf-8" />
  <meta name='ocr-system' content='tesseract 3.04.00' />
  <meta name='ocr-capabilities' content='ocr_page ocr_carea ocr_par ocr_line ocrx_word'/>
</head>
<body>
  <div class='ocr_page' id='page_1' title='image "./mtulliiciceroni00peargoog_0207.png"; bbox 0 0 2830 5014; ppageno 0'>
   <div class='ocr_carea' id='block_1_1' title="bbox 522 313 1211 382">
    <p class='ocr_par' dir='ltr' id='par_1_1' title="bbox 522 313 1211 382">
     <span class='ocr_line' id='line_1_1' title="bbox 522 313 1211 382; baseline -0.001 0"><span class='ocrx_word' id='word_1_1' title='bbox 522 313 668 382; x_wconf 68' lang='lat' dir='ltr'><strong>aman</strong></span> <span class='ocrx_word' id='word_1_2' title='bbox 687 315 727 376; x_wconf 77' lang='lat' dir='ltr'><strong>fl·</strong></span> <span class='ocrx_word' id='word_1_3' title='bbox 742 321 793 380; x_wconf 61' lang='lat' dir='ltr'><strong>dt·</strong></span> <span class='ocrx_word' id='word_1_4' title='bbox 1158 325 1211 382; x_wconf 68' lang='lat' dir='ltr'><strong>tet</strong></span> 
     </span>
    </p>
   </div>
   <div class='ocr_carea' id='block_1_2' title="bbox 5 458 1328 4420">
    <p class='ocr_par' dir='ltr' id='par_1_2' title="bbox 5 458 1328 3410">
     <span class='ocr_line' id='line_1_2' title="bbox 91 458 1221 560; baseline 0.004 -20"><span class='ocrx_word' id='word_1_5' title='bbox 91 465 206 547; x_wconf 76' lang='lat' dir='ltr'><strong>tione,</strong></span> <span class='ocrx_word' id='word_1_6' title='bbox 220 463 258 540; x_wconf 89' lang='lat' dir='ltr'><strong>id</strong></span> <span class='ocrx_word' id='word_1_7' title='bbox 272 470 329 540; x_wconf 81' lang='lat' dir='ltr'><strong>est</strong></span> <span class='ocrx_word' id='word_1_8' title='bbox 340 458 497 537; x_wconf 69' lang='lat' dir='ltr'><strong>condlii:</strong></span> <span class='ocrx_word' id='word_1_9' title='bbox 521 487 637 560; x_wconf 91' lang='lat' dir='ltr'><strong>neque</strong></span> <span class='ocrx_word' id='word_1_10' title='bbox 649 463 756 555; x_wconf 75' lang='lat' dir='ltr'><strong>enim,</strong></span> <span class='ocrx_word' id='word_1_11' title='bbox 771 464 799 537; x_wconf 89' lang='lat' dir='ltr'><strong>si</strong></span> <span class='ocrx_word' id='word_1_12' title='bbox 817 469 969 538; x_wconf 66' lang='lat' dir='ltr'><strong>nentes</strong></span> <span class='ocrx_word' id='word_1_13' title='bbox 985 471 1051 544; x_wconf 69' lang='lat' dir='ltr'><strong>est,</strong></span> <span class='ocrx_word' id='word_1_14' title='bbox 1068 473 1165 542; x_wconf 80' lang='lat' dir='ltr'><strong>⁹nec</strong></span> <span class='ocrx_word' id='word_1_15' title='bbox 1189 467 1221 544; x_wconf 80' lang='lat' dir='ltr'><strong>si</strong></span> 
     </span>
     <span class='ocr_line' id='line_1_3' title="bbox 91 559 1220 660; baseline 0.004 -24"><span class='ocrx_word' id='word_1_16' title='bbox 91 564 253 643; x_wconf 84' lang='lat' dir='ltr'><strong>dubium,</strong></span> <span class='ocrx_word' id='word_1_17' title='bbox 267 559 355 659; x_wconf 89' lang='lat' dir='ltr'><strong>quid</strong></span> <span class='ocrx_word' id='word_1_18' title='bbox 370 567 511 656; x_wconf 86' lang='lat' dir='ltr'><strong>gestum</strong></span> <span class='ocrx_word' id='word_1_19' title='bbox 528 561 591 641; x_wconf 58' lang='lat' dir='ltr'><strong>sits</strong></span> <span class='ocrx_word' id='word_1_20' title='bbox 605 564 736 636; x_wconf 80' lang='lat' dir='ltr'><strong>namuri</strong></span> <span class='ocrx_word' id='word_1_21' title='bbox 749 569 909 660; x_wconf 89' lang='lat' dir='ltr'><strong>oportet:</strong></span> <span class='ocrx_word' id='word_1_22' title='bbox 935 585 1003 635; x_wconf 91' lang='lat' dir='ltr'><strong>nec</strong></span> <span class='ocrx_word' id='word_1_23' title='bbox 1019 561 1047 634; x_wconf 91' lang='lat' dir='ltr'><strong>si</strong></span> <span class='ocrx_word' id='word_1_24' title='bbox 1064 564 1220 640; x_wconf 84' lang='lat' dir='ltr'><strong>adversa·</strong></span> 
     </span>
     <span class='ocr_line' id='line_1_4' title="bbox 92 656 1224 756; baseline 0.004 -22"><span class='ocrx_word' id='word_1_25' title='bbox 92 663 171 737; x_wconf 87' lang='lat' dir='ltr'><strong>rius</strong></span> <span class='ocrx_word' id='word_1_26' title='bbox 192 659 354 739; x_wconf 84' lang='lat' dir='ltr'><strong>narravit,</strong></span> <span class='ocrx_word' id='word_1_27' title='bbox 367 656 434 730; x_wconf 91' lang='lat' dir='ltr'><strong>nisi</strong></span> <span class='ocrx_word' id='word_1_28' title='bbox 450 658 479 729; x_wconf 88' lang='lat' dir='ltr'><strong>si</strong></span> <span class='ocrx_word' id='word_1_29' title='bbox 496 659 708 732; x_wconf 80' lang='lat' dir='ltr'><strong>refellemus.</strong></span> <span class='ocrx_word' id='word_1_30' title='bbox 759 659 851 740; x_wconf 82' lang='lat' dir='ltr'><strong>1A0,</strong></span> <span class='ocrx_word' id='word_1_31' title='bbox 863 658 892 732; x_wconf 86' lang='lat' dir='ltr'><strong>si</strong></span> <span class='ocrx_word' id='word_1_32' title='bbox 905 661 1051 756; x_wconf 88' lang='lat' dir='ltr'><strong>quando</strong></span> <span class='ocrx_word' id='word_1_33' title='bbox 1066 661 1134 734; x_wconf 90' lang='lat' dir='ltr'><strong>erit</strong></span> <span class='ocrx_word' id='word_1_34' title='bbox 1149 687 1224 738; x_wconf 81' lang='lat' dir='ltr'><strong>nar·</strong></span> 
     </span>
     <span class='ocr_line' id='line_1_5' title="bbox 93 755 1223 853; baseline 0 -19"><span class='ocrx_word' id='word_1_35' title='bbox 93 759 264 842; x_wconf 80' lang='lat' dir='ltr'><strong>randum,</strong></span> <span class='ocrx_word' id='word_1_36' title='bbox 275 781 324 832; x_wconf 91' lang='lat' dir='ltr'><strong>ne</strong></span> <span class='ocrx_word' id='word_1_37' title='bbox 335 756 403 835; x_wconf 85' lang='lat' dir='ltr'><strong>illa,</strong></span> <span class='ocrx_word' id='word_1_38' title='bbox 416 778 499 851; x_wconf 85' lang='lat' dir='ltr'><strong>quse</strong></span> <span class='ocrx_word' id='word_1_39' title='bbox 512 755 750 853; x_wconf 82' lang='lat' dir='ltr'>suspicionem</span> <span class='ocrx_word' id='word_1_40' title='bbox 767 767 805 831; x_wconf 91' lang='lat' dir='ltr'><strong>et</strong></span> <span class='ocrx_word' id='word_1_41' title='bbox 815 757 949 832; x_wconf 80' lang='lat' dir='ltr'>crimen</span> <span class='ocrx_word' id='word_1_42' title='bbox 960 759 1125 842; x_wconf 88' lang='lat' dir='ltr'><strong>efficient,</strong></span> <span class='ocrx_word' id='word_1_43' title='bbox 1141 784 1223 838; x_wconf 90' lang='lat' dir='ltr'><strong>con·</strong></span> 
     </span>
     <span class='ocr_line' id='line_1_6' title="bbox 5 854 1223 955; baseline 0.002 -25"><span class='ocrx_word' id='word_1_44' title='bbox 5 865 6 872; x_wconf 78' lang='grc'>’</span> <span class='ocrx_word' id='word_1_45' title='bbox 93 868 223 953; x_wconf 83' lang='lat' dir='ltr'><strong>traque</strong></span> <span class='ocrx_word' id='word_1_46' title='bbox 233 873 299 930; x_wconf 86' lang='lat' dir='ltr'><strong>nos</strong></span> <span class='ocrx_word' id='word_1_47' title='bbox 309 864 427 934; x_wconf 88' lang='lat' dir='ltr'><strong>erunt,</strong></span> <span class='ocrx_word' id='word_1_48' title='bbox 443 854 570 930; x_wconf 85' lang='lat' dir='ltr'><strong>acriter</strong></span> <span class='ocrx_word' id='word_1_49' title='bbox 580 866 883 952; x_wconf 80' lang='lat' dir='ltr'><strong>persequamunet</strong></span> <span class='ocrx_word' id='word_1_50' title='bbox 896 855 1067 954; x_wconf 90' lang='lat' dir='ltr'><strong>quioquid</strong></span> <span class='ocrx_word' id='word_1_51' title='bbox 1084 859 1223 955; x_wconf 85' lang='lat' dir='ltr'><strong>poterit,</strong></span> 
     </span>
     <span class='ocr_line' id='line_1_7' title="bbox 95 951 1224 1052; baseline 0.002 -24"><span class='ocrx_word' id='word_1_52' title='bbox 95 953 334 1043; x_wconf 81' lang='lat' dir='ltr'><strong>detrahamus3</strong></span> <span class='ocrx_word' id='word_1_53' title='bbox 361 976 409 1024; x_wconf 88' lang='lat' dir='ltr'><strong>ne</strong></span> <span class='ocrx_word' id='word_1_54' title='bbox 423 952 521 1033; x_wconf 91' lang='lat' dir='ltr'><strong>illud,</strong></span> <span class='ocrx_word' id='word_1_55' title='bbox 535 951 633 1049; x_wconf 93' lang='lat' dir='ltr'><strong>quod</strong></span> <span class='ocrx_word' id='word_1_56' title='bbox 649 952 805 1034; x_wconf 76' lang='lat' dir='ltr'><strong>Crassus,</strong></span> <span class='ocrx_word' id='word_1_57' title='bbox 829 953 1017 1050; x_wconf 91' lang='lat' dir='ltr'><strong>siquando</strong></span> <span class='ocrx_word' id='word_1_58' title='bbox 1037 958 1108 1036; x_wconf 86' lang='lat' dir='ltr'><strong>fiat,</strong></span> <span class='ocrx_word' id='word_1_59' title='bbox 1124 981 1167 1052; x_wconf 89' lang='lat' dir='ltr'><strong>pe</strong></span> <span class='ocrx_word' id='word_1_60' title='bbox 1211 985 1224 1008; x_wconf 91' lang='lat'><strong>··</strong></span> 
     </span>
     <span class='ocr_line' id='line_1_8' title="bbox 95 1049 1228 1148; baseline 0.003 -21"><span class='ocrx_word' id='word_1_61' title='bbox 95 1054 161 1136; x_wconf 86' lang='lat' dir='ltr'><strong>dia,</strong></span> <span class='ocrx_word' id='word_1_62' title='bbox 175 1078 250 1126; x_wconf 91' lang='lat' dir='ltr'><strong>non</strong></span> <span class='ocrx_word' id='word_1_63' title='bbox 260 1049 411 1124; x_wconf 88' lang='lat' dir='ltr'><strong>stultitia</strong></span> <span class='ocrx_word' id='word_1_64' title='bbox 424 1050 497 1124; x_wconf 89' lang='lat' dir='ltr'><strong>fieri</strong></span> <span class='ocrx_word' id='word_1_65' title='bbox 514 1061 626 1148; x_wconf 87' lang='lat' dir='ltr'><strong>putat,</strong></span> <span class='ocrx_word' id='word_1_66' title='bbox 644 1061 686 1124; x_wconf 88' lang='lat' dir='ltr'><strong>ut</strong></span> <span class='ocrx_word' id='word_1_67' title='bbox 702 1073 838 1124; x_wconf 84' lang='lat' dir='ltr'><strong>caussae</strong></span> <span class='ocrx_word' id='word_1_68' title='bbox 856 1075 1056 1136; x_wconf 88' lang='lat' dir='ltr'><strong>noceamus,</strong></span> <span class='ocrx_word' id='word_1_69' title='bbox 1068 1054 1228 1130; x_wconf 77' lang='lat' dir='ltr'><strong>aecidat:</strong></span> 
     </span>
     <span class='ocr_line' id='line_1_9' title="bbox 93 1149 1225 1244; baseline 0.005 -23"><span class='ocrx_word' id='word_1_70' title='bbox 93 1175 179 1228; x_wconf 85' lang='lat' dir='ltr'><strong>nam</strong></span> <span class='ocrx_word' id='word_1_71' title='bbox 194 1151 422 1226; x_wconf 80' lang='lat' dir='ltr'><strong>adsurmmm</strong></span> <span class='ocrx_word' id='word_1_72' title='bbox 440 1149 546 1222; x_wconf 89' lang='lat' dir='ltr'><strong>totius</strong></span> <span class='ocrx_word' id='word_1_73' title='bbox 563 1171 698 1221; x_wconf 88' lang='lat' dir='ltr'><strong>caussae</strong></span> <span class='ocrx_word' id='word_1_74' title='bbox 724 1149 888 1244; x_wconf 85' lang='lat' dir='ltr'><strong>pertinet,</strong></span> <span class='ocrx_word' id='word_1_75' title='bbox 909 1151 1014 1224; x_wconf 72' lang='lat' dir='ltr'><strong>caute</strong></span> <span class='ocrx_word' id='word_1_76' title='bbox 1035 1176 1083 1224; x_wconf 91' lang='lat' dir='ltr'><strong>an</strong></span> <span class='ocrx_word' id='word_1_77' title='bbox 1099 1161 1225 1226; x_wconf 85' lang='lat' dir='ltr'><strong>contra</strong></span> 
     </span>
     <span class='ocr_line' id='line_1_10' title="bbox 93 1243 1225 1346; baseline 0.001 -22"><span class='ocrx_word' id='word_1_78' title='bbox 93 1250 407 1324; x_wconf 81' lang='lat' dir='ltr'><strong>demonstratores</strong></span> <span class='ocrx_word' id='word_1_79' title='bbox 423 1246 479 1328; x_wconf 89' lang='lat' dir='ltr'><strong>sit,</strong></span> <span class='ocrx_word' id='word_1_80' title='bbox 494 1243 592 1342; x_wconf 78' lang='lat' dir='ltr'><strong>quod</strong></span> <span class='ocrx_word' id='word_1_81' title='bbox 607 1245 721 1318; x_wconf 86' lang='lat' dir='ltr'><strong>omnis</strong></span> <span class='ocrx_word' id='word_1_82' title='bbox 738 1245 902 1320; x_wconf 86' lang='lat' dir='ltr'><strong>orationis</strong></span> <span class='ocrx_word' id='word_1_83' title='bbox 914 1248 1059 1346; x_wconf 81' lang='lat' dir='ltr'><strong>reliquae</strong></span> <span class='ocrx_word' id='word_1_84' title='bbox 1072 1249 1153 1322; x_wconf 86' lang='lat' dir='ltr'><strong>fons</strong></span> <span class='ocrx_word' id='word_1_85' title='bbox 1164 1259 1225 1326; x_wconf 70' lang='lat' dir='ltr'><strong>‘ert</strong></span> 
     </span>
     <span class='ocr_line' id='line_1_11' title="bbox 86 1343 1225 1441; baseline 0.002 -19"><span class='ocrx_word' id='word_1_86' title='bbox 86 1346 260 1429; x_wconf 79' lang='lat' dir='ltr'><strong>narratio.</strong></span> <span class='ocrx_word' id='word_1_87' title='bbox 309 1343 486 1441; x_wconf 85' lang='lat' dir='ltr'>Sequitur,</span> <span class='ocrx_word' id='word_1_88' title='bbox 503 1353 543 1417; x_wconf 93' lang='lat' dir='ltr'><strong>ut</strong></span> <span class='ocrx_word' id='word_1_89' title='bbox 560 1367 681 1418; x_wconf 80' lang='lat' dir='ltr'><strong>caussa</strong></span> <span class='ocrx_word' id='word_1_90' title='bbox 696 1353 856 1439; x_wconf 82' lang='lat' dir='ltr'><strong>ponatur,</strong></span> <span class='ocrx_word' id='word_1_91' title='bbox 873 1345 910 1418; x_wconf 90' lang='lat' dir='ltr'><strong>in</strong></span> <span class='ocrx_word' id='word_1_92' title='bbox 935 1370 1007 1441; x_wconf 94' lang='lat' dir='ltr'><strong>quo</strong></span> <span class='ocrx_word' id='word_1_93' title='bbox 1034 1347 1225 1424; x_wconf 87' lang='lat' dir='ltr'><strong>videndum</strong></span> 
     </span>
     <span class='ocr_line' id='line_1_12' title="bbox 97 1441 1291 1554; baseline 0.003 -36"><span class='ocrx_word' id='word_1_94' title='bbox 97 1444 307 1543; x_wconf 71' lang='lat' dir='ltr'><strong>estquidin</strong></span> <span class='ocrx_word' id='word_1_95' title='bbox 323 1442 595 1516; x_wconf 86' lang='lat' dir='ltr'><strong>controversiam</strong></span> <span class='ocrx_word' id='word_1_96' title='bbox 609 1441 736 1513; x_wconf 81' lang='lat' dir='ltr'><strong>veniat.</strong></span> <span class='ocrx_word' id='word_1_97' title='bbox 785 1441 881 1514; x_wconf 91' lang='lat' dir='ltr'><strong>Tum</strong></span> <span class='ocrx_word' id='word_1_98' title='bbox 895 1445 1115 1554; x_wconf 78' lang='lat' dir='ltr'><strong>suggerenda</strong></span> <span class='ocrx_word' id='word_1_99' title='bbox 1138 1456 1225 1522; x_wconf 85' lang='lat' dir='ltr'><strong>sunt</strong></span> <span class='ocrx_word' id='word_1_100' title='bbox 1283 1485 1291 1492; x_wconf 91' lang='lat'><em>-</em></span> 
     </span>
     <span class='ocr_line' id='line_1_13' title="bbox 95 1538 1223 1636; baseline 0.001 -18"><span class='ocrx_word' id='word_1_101' title='bbox 95 1547 312 1618; x_wconf 80' lang='lat' dir='ltr'><strong>firmamenta</strong></span> <span class='ocrx_word' id='word_1_102' title='bbox 323 1564 463 1615; x_wconf 87' lang='lat' dir='ltr'><strong>caussae</strong></span> <span class='ocrx_word' id='word_1_103' title='bbox 477 1539 681 1636; x_wconf 76' lang='lat' dir='ltr'><strong>conjuncte,</strong></span> <span class='ocrx_word' id='word_1_104' title='bbox 698 1545 734 1610; x_wconf 92' lang='lat' dir='ltr'><strong>et</strong></span> <span class='ocrx_word' id='word_1_105' title='bbox 751 1538 968 1614; x_wconf 81' lang='lat' dir='ltr'><strong>infirmando</strong></span> <span class='ocrx_word' id='word_1_106' title='bbox 978 1543 1168 1626; x_wconf 77' lang='lat' dir='ltr'><strong>contrariis,</strong></span> <span class='ocrx_word' id='word_1_107' title='bbox 1185 1553 1223 1619; x_wconf 88' lang='lat' dir='ltr'><strong>et</strong></span> 
     </span>
     <span class='ocr_line' id='line_1_14' title="bbox 94 1635 1225 1738; baseline 0.001 -21"><span class='ocrx_word' id='word_1_108' title='bbox 94 1643 170 1717; x_wconf 86' lang='lat' dir='ltr'><strong>tuis</strong></span> <span class='ocrx_word' id='word_1_109' title='bbox 189 1639 460 1714; x_wconf 88' lang='lat' dir='ltr'><strong>confirmandis:</strong></span> <span class='ocrx_word' id='word_1_110' title='bbox 484 1662 642 1736; x_wconf 88' lang='lat' dir='ltr'><strong>namque</strong></span> <span class='ocrx_word' id='word_1_111' title='bbox 657 1661 729 1710; x_wconf 88' lang='lat' dir='ltr'><strong>una</strong></span> <span class='ocrx_word' id='word_1_112' title='bbox 744 1635 782 1708; x_wconf 92' lang='lat' dir='ltr'><strong>in</strong></span> <span class='ocrx_word' id='word_1_113' title='bbox 804 1639 933 1712; x_wconf 79' lang='lat' dir='ltr'><strong>caussis</strong></span> <span class='ocrx_word' id='word_1_114' title='bbox 957 1639 1043 1713; x_wconf 87' lang='lat' dir='ltr'><strong>ratio</strong></span> <span class='ocrx_word' id='word_1_115' title='bbox 1057 1643 1225 1738; x_wconf 79' lang='lat' dir='ltr'><strong>quaedam</strong></span> 
     </span>
     <span class='ocr_line' id='line_1_15' title="bbox 96 1734 1224 1838; baseline 0 -24"><span class='ocrx_word' id='word_1_116' title='bbox 96 1751 153 1814; x_wconf 87' lang='lat' dir='ltr'><strong>est</strong></span> <span class='ocrx_word' id='word_1_117' title='bbox 169 1741 244 1838; x_wconf 80' lang='lat' dir='ltr'><strong>ejus</strong></span> <span class='ocrx_word' id='word_1_118' title='bbox 269 1739 445 1818; x_wconf 88' lang='lat' dir='ltr'><strong>orationis,</strong></span> <span class='ocrx_word' id='word_1_119' title='bbox 469 1761 553 1834; x_wconf 85' lang='lat' dir='ltr'><strong>quae</strong></span> <span class='ocrx_word' id='word_1_120' title='bbox 577 1737 622 1810; x_wconf 83' lang='lat' dir='ltr'><strong>od</strong></span> <span class='ocrx_word' id='word_1_121' title='bbox 652 1734 861 1834; x_wconf 85' lang='lat' dir='ltr'><strong>probandam</strong></span> <span class='ocrx_word' id='word_1_122' title='bbox 885 1739 1224 1834; x_wconf 71' lang='lat' dir='ltr'><strong>argumentationem</strong></span> 
     </span>
     <span class='ocr_line' id='line_1_16' title="bbox 98 1835 1227 1932; baseline 0.001 -21"><span class='ocrx_word' id='word_1_123' title='bbox 98 1839 216 1911; x_wconf 79' lang='lat' dir='ltr'><strong>ualet:</strong></span> <span class='ocrx_word' id='word_1_124' title='bbox 249 1861 290 1908; x_wconf 90' lang='lat' dir='ltr'><strong>ea</strong></span> <span class='ocrx_word' id='word_1_125' title='bbox 315 1848 433 1909; x_wconf 88' lang='lat' dir='ltr'><strong>autem</strong></span> <span class='ocrx_word' id='word_1_126' title='bbox 456 1845 495 1908; x_wconf 86' lang='lat' dir='ltr'><strong>et</strong></span> <span class='ocrx_word' id='word_1_127' title='bbox 523 1835 823 1910; x_wconf 85' lang='lat' dir='ltr'><strong>confirmationem</strong></span> <span class='ocrx_word' id='word_1_128' title='bbox 848 1845 887 1908; x_wconf 84' lang='lat' dir='ltr'><strong>et</strong></span> <span class='ocrx_word' id='word_1_129' title='bbox 913 1837 1227 1932; x_wconf 81' lang='lat' dir='ltr'><strong>reprehensionem</strong></span> 
     </span>
     <span class='ocr_line' id='line_1_17' title="bbox 100 1929 1328 2034; baseline 0.002 -26"><span class='ocrx_word' id='word_1_130' title='bbox 100 1934 254 2034; x_wconf 85' lang='lat' dir='ltr'><strong>quaen&#39;t:</strong></span> <span class='ocrx_word' id='word_1_131' title='bbox 279 1933 340 2006; x_wconf 88' lang='lat' dir='ltr'><strong>sed</strong></span> <span class='ocrx_word' id='word_1_132' title='bbox 357 1935 437 2030; x_wconf 89' lang='lat' dir='ltr'><strong>quia</strong></span> <span class='ocrx_word' id='word_1_133' title='bbox 448 1959 566 2030; x_wconf 90' lang='lat' dir='ltr'><strong>neque</strong></span> <span class='ocrx_word' id='word_1_134' title='bbox 578 1929 785 2030; x_wconf 82' lang='lat' dir='ltr'><strong>reprehendi</strong></span> <span class='ocrx_word' id='word_1_135' title='bbox 804 1955 888 2029; x_wconf 81' lang='lat' dir='ltr'><strong>quae</strong></span> <span class='ocrx_word' id='word_1_136' title='bbox 910 1935 1222 2019; x_wconf 76' lang='lat' dir='ltr'><strong>contradicuntur,</strong></span> <span class='ocrx_word' id='word_1_137' title='bbox 1326 1955 1328 1959; x_wconf 84' lang='grc'><em>·</em></span> 
     </span>
     <span class='ocr_line' id='line_1_18' title="bbox 97 2032 1223 2134; baseline 0 -26"><span class='ocrx_word' id='word_1_138' title='bbox 97 2043 260 2134; x_wconf 84' lang='lat' dir='ltr'><strong>possunt,</strong></span> <span class='ocrx_word' id='word_1_139' title='bbox 275 2032 345 2105; x_wconf 90' lang='lat' dir='ltr'><strong>nisi</strong></span> <span class='ocrx_word' id='word_1_140' title='bbox 375 2042 436 2108; x_wconf 89' lang='lat' dir='ltr'><strong>tua</strong></span> <span class='ocrx_word' id='word_1_141' title='bbox 451 2034 636 2108; x_wconf 85' lang='lat' dir='ltr'><strong>confirmes</strong></span> <span class='ocrx_word' id='word_1_142' title='bbox 647 2059 658 2117; x_wconf 85' lang='lat'>3</span> <span class='ocrx_word' id='word_1_143' title='bbox 683 2055 801 2127; x_wconf 89' lang='lat' dir='ltr'><strong>neque</strong></span> <span class='ocrx_word' id='word_1_144' title='bbox 823 2032 902 2106; x_wconf 82' lang='lat' dir='ltr'><strong>haec</strong></span> <span class='ocrx_word' id='word_1_145' title='bbox 930 2034 1140 2116; x_wconf 88' lang='lat' dir='ltr'><strong>confirmari,</strong></span> <span class='ocrx_word' id='word_1_146' title='bbox 1155 2033 1223 2108; x_wconf 86' lang='lat' dir='ltr'><strong>nisi</strong></span> 
     </span>
     <span class='ocr_line' id='line_1_19' title="bbox 97 2129 1225 2230; baseline -0.001 -23"><span class='ocrx_word' id='word_1_147' title='bbox 97 2133 157 2208; x_wconf 82' lang='lat' dir='ltr'><strong>itta</strong></span> <span class='ocrx_word' id='word_1_148' title='bbox 172 2129 422 2230; x_wconf 63' lang='lat' dir='ltr'><strong>reprehendam</strong></span> <span class='ocrx_word' id='word_1_149' title='bbox 445 2131 576 2219; x_wconf 84' lang='lat' dir='ltr'><strong>idcirco</strong></span> <span class='ocrx_word' id='word_1_150' title='bbox 591 2130 672 2202; x_wconf 86' lang='lat' dir='ltr'><strong>haec</strong></span> <span class='ocrx_word' id='word_1_151' title='bbox 690 2137 727 2202; x_wconf 92' lang='lat' dir='ltr'><strong>et</strong></span> <span class='ocrx_word' id='word_1_152' title='bbox 738 2130 869 2206; x_wconf 73' lang='lat' dir='ltr'><strong>naturai</strong></span> <span class='ocrx_word' id='word_1_153' title='bbox 883 2143 919 2210; x_wconf 89' lang='lat' dir='ltr'><strong>et</strong></span> <span class='ocrx_word' id='word_1_154' title='bbox 934 2131 1080 2204; x_wconf 86' lang='lat' dir='ltr'><strong>utilitate</strong></span> <span class='ocrx_word' id='word_1_155' title='bbox 1092 2143 1129 2206; x_wconf 91' lang='lat' dir='ltr'><strong>et</strong></span> <span class='ocrx_word' id='word_1_156' title='bbox 1139 2149 1225 2206; x_wconf 84' lang='lat' dir='ltr'><strong>trac·</strong></span> 
     </span>
     <span class='ocr_line' id='line_1_20' title="bbox 39 2227 1224 2326; baseline -0.001 -22"><span class='ocrx_word' id='word_1_157' title='bbox 39 2312 42 2314; x_wconf 56' lang='grc'><strong>,</strong></span> <span class='ocrx_word' id='word_1_158' title='bbox 97 2231 234 2304; x_wconf 84' lang='lat' dir='ltr'><strong>tatione</strong></span> <span class='ocrx_word' id='word_1_159' title='bbox 247 2228 435 2324; x_wconf 85' lang='lat' dir='ltr'><strong>conjuncta</strong></span> <span class='ocrx_word' id='word_1_160' title='bbox 456 2239 551 2302; x_wconf 84' lang='lat' dir='ltr'><strong>sunt.</strong></span> <span class='ocrx_word' id='word_1_161' title='bbox 601 2227 730 2301; x_wconf 86' lang='lat' dir='ltr'><strong>Omnia</strong></span> <span class='ocrx_word' id='word_1_162' title='bbox 744 2237 862 2302; x_wconf 88' lang='lat' dir='ltr'><strong>autem</strong></span> <span class='ocrx_word' id='word_1_163' title='bbox 885 2229 1129 2303; x_wconf 89' lang='lat' dir='ltr'><strong>concludenda</strong></span> <span class='ocrx_word' id='word_1_164' title='bbox 1153 2230 1224 2326; x_wconf 88' lang='lat' dir='ltr'><strong>ple·</strong></span> 
     </span>
     <span class='ocr_line' id='line_1_21' title="bbox 98 2325 1226 2426; baseline 0 -22"><span class='ocrx_word' id='word_1_165' title='bbox 98 2353 249 2426; x_wconf 89' lang='lat' dir='ltr'><strong>rumque</strong></span> <span class='ocrx_word' id='word_1_166' title='bbox 257 2328 361 2422; x_wconf 86' lang='lat' dir='ltr'><strong>rebus</strong></span> <span class='ocrx_word' id='word_1_167' title='bbox 370 2327 553 2426; x_wconf 83' lang='lat' dir='ltr'><strong>augendis,</strong></span> <span class='ocrx_word' id='word_1_168' title='bbox 569 2326 625 2400; x_wconf 91' lang='lat' dir='ltr'><strong>vel</strong></span> <span class='ocrx_word' id='word_1_169' title='bbox 648 2326 899 2406; x_wconf 84' lang='lat' dir='ltr'><strong>inflammando</strong></span> <span class='ocrx_word' id='word_1_170' title='bbox 919 2325 1039 2424; x_wconf 88' lang='lat' dir='ltr'><strong>judice</strong></span> <span class='ocrx_word' id='word_1_171' title='bbox 1060 2329 1115 2400; x_wconf 90' lang='lat' dir='ltr'><strong>vel</strong></span> <span class='ocrx_word' id='word_1_172' title='bbox 1134 2329 1226 2404; x_wconf 86' lang='lat' dir='ltr'><strong>miti·</strong></span> 
     </span>
     <span class='ocr_line' id='line_1_22' title="bbox 97 2425 1230 2526; baseline 0.003 -25"><span class='ocrx_word' id='word_1_173' title='bbox 97 2427 234 2526; x_wconf 86' lang='lat' dir='ltr'><strong>gando:</strong></span> <span class='ocrx_word' id='word_1_174' title='bbox 259 2426 445 2525; x_wconf 86' lang='lat' dir='ltr'><strong>omniaque</strong></span> <span class='ocrx_word' id='word_1_175' title='bbox 462 2451 544 2500; x_wconf 92' lang='lat' dir='ltr'><strong>cum</strong></span> <span class='ocrx_word' id='word_1_176' title='bbox 562 2425 803 2523; x_wconf 87' lang='lat' dir='ltr'><strong>superioribus</strong></span> <span class='ocrx_word' id='word_1_177' title='bbox 836 2425 1001 2501; x_wconf 90' lang='lat' dir='ltr'><strong>orationis</strong></span> <span class='ocrx_word' id='word_1_178' title='bbox 1027 2425 1125 2513; x_wconf 87' lang='lat' dir='ltr'><strong>locis,</strong></span> <span class='ocrx_word' id='word_1_179' title='bbox 1150 2437 1230 2504; x_wconf 89' lang='lat' dir='ltr'><strong>tum</strong></span> 
     </span>
     <span class='ocr_line' id='line_1_23' title="bbox 97 2523 1232 2626; baseline 0 -26"><span class='ocrx_word' id='word_1_180' title='bbox 97 2525 250 2620; x_wconf 66' lang='lat' dir='ltr'><strong>maxime</strong></span> <span class='ocrx_word' id='word_1_181' title='bbox 267 2534 436 2606; x_wconf 76' lang='lat' dir='ltr'><strong>extremo,</strong></span> <span class='ocrx_word' id='word_1_182' title='bbox 452 2525 495 2597; x_wconf 89' lang='lat' dir='ltr'><strong>ad</strong></span> <span class='ocrx_word' id='word_1_183' title='bbox 503 2532 645 2596; x_wconf 89' lang='lat' dir='ltr'><strong>mentes</strong></span> <span class='ocrx_word' id='word_1_184' title='bbox 664 2523 826 2621; x_wconf 87' lang='lat' dir='ltr'><strong>judicum</strong></span> <span class='ocrx_word' id='word_1_185' title='bbox 851 2529 958 2626; x_wconf 71' lang='lat' dir='ltr'><strong>quiam</strong></span> <span class='ocrx_word' id='word_1_186' title='bbox 982 2525 1132 2601; x_wconf 76' lang='lat' dir='ltr'><strong>maxime</strong></span> <span class='ocrx_word' id='word_1_187' title='bbox 1151 2553 1232 2624; x_wconf 86' lang='lat' dir='ltr'><strong>per--</strong></span> 
     </span>
     <span class='ocr_line' id='line_1_24' title="bbox 97 2622 1227 2724; baseline 0.003 -27"><span class='ocrx_word' id='word_1_188' title='bbox 97 2622 303 2724; x_wconf 86' lang='lat' dir='ltr'><strong>movendas,</strong></span> <span class='ocrx_word' id='word_1_189' title='bbox 320 2632 356 2694; x_wconf 90' lang='lat' dir='ltr'><strong>et</strong></span> <span class='ocrx_word' id='word_1_190' title='bbox 376 2623 421 2696; x_wconf 85' lang='lat' dir='ltr'><strong>ad</strong></span> <span class='ocrx_word' id='word_1_191' title='bbox 435 2622 619 2698; x_wconf 86' lang='lat' dir='ltr'><strong>utilitatem</strong></span> <span class='ocrx_word' id='word_1_192' title='bbox 639 2633 800 2697; x_wconf 89' lang='lat' dir='ltr'><strong>nostram</strong></span> <span class='ocrx_word' id='word_1_193' title='bbox 816 2626 999 2708; x_wconf 89' lang='lat' dir='ltr'><strong>vocandas,</strong></span> <span class='ocrx_word' id='word_1_194' title='bbox 1016 2625 1227 2700; x_wconf 84' lang='lat' dir='ltr'><strong>conferenda</strong></span> 
     </span>
     <span class='ocr_line' id='line_1_25' title="bbox 8 2721 1230 2817; baseline 0.001 -22"><span class='ocrx_word' id='word_1_195' title='bbox 8 2727 11 2734; x_wconf 80' lang='grc'>’</span> <span class='ocrx_word' id='word_1_196' title='bbox 98 2731 198 2795; x_wconf 85' lang='lat' dir='ltr'><strong>sunt.</strong></span> <span class='ocrx_word' id='word_1_197' title='bbox 247 2721 378 2815; x_wconf 88' lang='lat' dir='ltr'><strong>Neque</strong></span> <span class='ocrx_word' id='word_1_198' title='bbox 393 2721 478 2794; x_wconf 69' lang='lat' dir='ltr'><strong>sane</strong></span> <span class='ocrx_word' id='word_1_199' title='bbox 499 2721 571 2817; x_wconf 88' lang='lat' dir='ltr'><strong>jam</strong></span> <span class='ocrx_word' id='word_1_200' title='bbox 587 2745 707 2796; x_wconf 78' lang='lat' dir='ltr'><strong>carmen</strong></span> <span class='ocrx_word' id='word_1_201' title='bbox 729 2721 865 2794; x_wconf 90' lang='lat' dir='ltr'><strong>videtur</strong></span> <span class='ocrx_word' id='word_1_202' title='bbox 888 2745 975 2800; x_wconf 85' lang='lat' dir='ltr'><strong>esse,</strong></span> <span class='ocrx_word' id='word_1_203' title='bbox 990 2746 1052 2794; x_wconf 90' lang='lat' dir='ltr'><strong>cur</strong></span> <span class='ocrx_word' id='word_1_204' title='bbox 1068 2746 1230 2797; x_wconf 86' lang='lat' dir='ltr'><strong>secerna-</strong></span> 
     </span>
     <span class='ocr_line' id='line_1_26' title="bbox 96 2817 1225 2917; baseline 0.001 -24"><span class='ocrx_word' id='word_1_205' title='bbox 96 2843 180 2910; x_wconf 86' lang='lat' dir='ltr'><strong>mus</strong></span> <span class='ocrx_word' id='word_1_206' title='bbox 200 2844 239 2891; x_wconf 91' lang='lat' dir='ltr'><strong>ea</strong></span> <span class='ocrx_word' id='word_1_207' title='bbox 254 2828 445 2917; x_wconf 74' lang='lat' dir='ltr'><strong>praccepta,</strong></span> <span class='ocrx_word' id='word_1_208' title='bbox 468 2841 552 2916; x_wconf 74' lang='lat' dir='ltr'><strong>quae</strong></span> <span class='ocrx_word' id='word_1_209' title='bbox 571 2817 613 2894; x_wconf 91' lang='lat' dir='ltr'><strong>de</strong></span> <span class='ocrx_word' id='word_1_210' title='bbox 635 2817 853 2894; x_wconf 84' lang='lat' dir='ltr'><strong>suasionibus</strong></span> <span class='ocrx_word' id='word_1_211' title='bbox 877 2818 1046 2892; x_wconf 86' lang='lat' dir='ltr'><strong>tradenda</strong></span> <span class='ocrx_word' id='word_1_212' title='bbox 1063 2829 1146 2890; x_wconf 90' lang='lat' dir='ltr'><strong>sunt</strong></span> <span class='ocrx_word' id='word_1_213' title='bbox 1161 2829 1225 2894; x_wconf 85' lang='lat' dir='ltr'><strong>aut</strong></span> 
     </span>
     <span class='ocr_line' id='line_1_27' title="bbox 98 2915 1227 3016; baseline -0.002 -24"><span class='ocrx_word' id='word_1_214' title='bbox 98 2917 377 3004; x_wconf 56' lang='lat' dir='ltr'><strong>teudotionihusa</strong></span> <span class='ocrx_word' id='word_1_215' title='bbox 401 2927 486 3004; x_wconf 87' lang='lat' dir='ltr'><strong>sunt</strong></span> <span class='ocrx_word' id='word_1_216' title='bbox 502 2916 598 2990; x_wconf 92' lang='lat' dir='ltr'><strong>enim</strong></span> <span class='ocrx_word' id='word_1_217' title='bbox 632 2916 1003 3016; x_wconf 87' lang='lat' dir='ltr'><strong>leraqueoommunia:</strong></span> <span class='ocrx_word' id='word_1_218' title='bbox 1030 2915 1091 2990; x_wconf 90' lang='lat' dir='ltr'><strong>sed</strong></span> <span class='ocrx_word' id='word_1_219' title='bbox 1104 2925 1227 2990; x_wconf 86' lang='lat' dir='ltr'><strong>tamen</strong></span> 
     </span>
     <span class='ocr_line' id='line_1_28' title="bbox 97 2943 1228 3116; baseline 0 -24"><span class='ocrx_word' id='word_1_220' title='bbox 97 3017 249 3098; x_wconf 85' lang='lat' dir='ltr'><strong>suadere</strong></span> <span class='ocrx_word' id='word_1_221' title='bbox 260 3017 391 3116; x_wconf 86' lang='lat' dir='ltr'><strong>aliquid</strong></span> <span class='ocrx_word' id='word_1_222' title='bbox 407 3025 467 3090; x_wconf 84' lang='lat' dir='ltr'><strong>aut</strong></span> <span class='ocrx_word' id='word_1_223' title='bbox 484 2943 692 3100; x_wconf 77' lang='lat' dir='ltr'><strong>dissuadere,</strong></span> <span class='ocrx_word' id='word_1_224' title='bbox 725 3018 937 3116; x_wconf 74' lang='lat' dir='ltr'><strong>gravissimae</strong></span> <span class='ocrx_word' id='word_1_225' title='bbox 969 3015 1056 3090; x_wconf 92' lang='lat' dir='ltr'><strong>mihi</strong></span> <span class='ocrx_word' id='word_1_226' title='bbox 1088 3015 1228 3092; x_wconf 81' lang='lat' dir='ltr'><strong>videtur</strong></span> 
     </span>
     <span class='ocr_line' id='line_1_29' title="bbox 97 3114 1227 3213; baseline 0 -25"><span class='ocrx_word' id='word_1_227' title='bbox 97 3139 179 3188; x_wconf 86' lang='lat' dir='ltr'><strong>esse</strong></span> <span class='ocrx_word' id='word_1_228' title='bbox 194 3139 375 3212; x_wconf 85' lang='lat' dir='ltr'><strong>personae:</strong></span> <span class='ocrx_word' id='word_1_229' title='bbox 401 3124 537 3190; x_wconf 88' lang='lat' dir='ltr'><strong>namet</strong></span> <span class='ocrx_word' id='word_1_230' title='bbox 559 3114 726 3213; x_wconf 87' lang='lat' dir='ltr'><strong>sapientis</strong></span> <span class='ocrx_word' id='word_1_231' title='bbox 755 3125 822 3198; x_wconf 89' lang='lat' dir='ltr'><strong>est,</strong></span> <span class='ocrx_word' id='word_1_232' title='bbox 850 3115 1034 3190; x_wconf 89' lang='lat' dir='ltr'><strong>consilium</strong></span> <span class='ocrx_word' id='word_1_233' title='bbox 1047 3114 1227 3212; x_wconf 83' lang='lat' dir='ltr'><strong>explicare</strong></span> 
     </span>
     <span class='ocr_line' id='line_1_30' title="bbox 98 3212 1228 3301; baseline 0 -13"><span class='ocrx_word' id='word_1_234' title='bbox 98 3235 205 3288; x_wconf 86' lang='lat' dir='ltr'><strong>suum</strong></span> <span class='ocrx_word' id='word_1_235' title='bbox 216 3213 423 3288; x_wconf 74' lang='lat' dir='ltr'><strong>themaximis</strong></span> <span class='ocrx_word' id='word_1_236' title='bbox 437 3215 567 3301; x_wconf 81' lang='lat' dir='ltr'><strong>rebus3</strong></span> <span class='ocrx_word' id='word_1_237' title='bbox 589 3223 625 3286; x_wconf 90' lang='lat' dir='ltr'><strong>et</strong></span> <span class='ocrx_word' id='word_1_238' title='bbox 642 3213 782 3288; x_wconf 90' lang='lat' dir='ltr'><strong>honesti</strong></span> <span class='ocrx_word' id='word_1_239' title='bbox 812 3223 852 3286; x_wconf 90' lang='lat' dir='ltr'><strong>et</strong></span> <span class='ocrx_word' id='word_1_240' title='bbox 878 3212 1010 3295; x_wconf 88' lang='lat' dir='ltr'><strong>diserti,</strong></span> <span class='ocrx_word' id='word_1_241' title='bbox 1044 3222 1085 3286; x_wconf 92' lang='lat' dir='ltr'><strong>ut</strong></span> <span class='ocrx_word' id='word_1_242' title='bbox 1102 3222 1228 3288; x_wconf 89' lang='lat' dir='ltr'><strong>mente</strong></span> 
     </span>
     <span class='ocr_line' id='line_1_31' title="bbox 99 3309 1223 3410; baseline 0.004 -27"><span class='ocrx_word' id='word_1_243' title='bbox 99 3309 297 3410; x_wconf 89' lang='lat' dir='ltr'><strong>providere,</strong></span> <span class='ocrx_word' id='word_1_244' title='bbox 314 3311 517 3386; x_wconf 85' lang='lat' dir='ltr'><strong>auctoritate</strong></span> <span class='ocrx_word' id='word_1_245' title='bbox 534 3313 689 3410; x_wconf 87' lang='lat' dir='ltr'><strong>probare,</strong></span> <span class='ocrx_word' id='word_1_246' title='bbox 706 3311 863 3386; x_wconf 87' lang='lat' dir='ltr'><strong>oratione</strong></span> <span class='ocrx_word' id='word_1_247' title='bbox 878 3312 1087 3410; x_wconf 88' lang='lat' dir='ltr'><strong>persuadere</strong></span> <span class='ocrx_word' id='word_1_248' title='bbox 1103 3313 1223 3410; x_wconf 87' lang='lat' dir='ltr'><strong>possit.</strong></span> 
     </span>
    </p>

    <p class='ocr_par' dir='ltr' id='par_1_3' title="bbox 148 3407 1229 3509">
     <span class='ocr_line' id='line_1_32' title="bbox 148 3407 1229 3509; baseline 0.003 -24"><span class='ocrx_word' id='word_1_249' title='bbox 148 3408 340 3485; x_wconf 80' lang='lat' dir='ltr'>LXXXII.</span> <span class='ocrx_word' id='word_1_250' title='bbox 366 3409 485 3508; x_wconf 86' lang='lat' dir='ltr'><strong>Atque</strong></span> <span class='ocrx_word' id='word_1_251' title='bbox 500 3411 581 3486; x_wconf 87' lang='lat' dir='ltr'><strong>hoec</strong></span> <span class='ocrx_word' id='word_1_252' title='bbox 596 3407 634 3484; x_wconf 89' lang='lat' dir='ltr'><strong>in</strong></span> <span class='ocrx_word' id='word_1_253' title='bbox 651 3422 776 3485; x_wconf 82' lang='lat' dir='ltr'><strong>senatu</strong></span> <span class='ocrx_word' id='word_1_254' title='bbox 792 3411 926 3486; x_wconf 88' lang='lat' dir='ltr'><strong>minore</strong></span> <span class='ocrx_word' id='word_1_255' title='bbox 942 3419 1106 3509; x_wconf 89' lang='lat' dir='ltr'><strong>apparatu</strong></span> <span class='ocrx_word' id='word_1_256' title='bbox 1122 3435 1229 3508; x_wconf 34' lang='lat' dir='ltr'><strong>agen-v</strong></span> 
     </span>
    </p>

    <p class='ocr_par' dir='ltr' id='par_1_4' title="bbox 95 3539 1240 3771">
     <span class='ocr_line' id='line_1_33' title="bbox 137 3539 1224 3619; baseline 0.002 -19"><span class='ocrx_word' id='word_1_257' title='bbox 137 3547 155 3600; x_wconf 74' lang='lat'><em>9</em></span> <span class='ocrx_word' id='word_1_258' title='bbox 170 3559 223 3598; x_wconf 84' lang='lat' dir='ltr'><strong>nec</strong></span> <span class='ocrx_word' id='word_1_259' title='bbox 237 3539 265 3598; x_wconf 84' lang='lat' dir='ltr'><strong>si</strong></span> <span class='ocrx_word' id='word_1_260' title='bbox 276 3543 425 3619; x_wconf 69' lang='lat' dir='ltr'><strong>dubium}</strong></span> <span class='ocrx_word' id='word_1_261' title='bbox 442 3544 573 3610; x_wconf 75' lang='lat' dir='ltr'><strong>Istorioi,</strong></span> <span class='ocrx_word' id='word_1_262' title='bbox 597 3543 677 3618; x_wconf 87' lang='lat' dir='ltr'><strong>quod</strong></span> <span class='ocrx_word' id='word_1_263' title='bbox 687 3545 774 3604; x_wconf 79' lang='lat' dir='ltr'><strong>abest</strong></span> <span class='ocrx_word' id='word_1_264' title='bbox 785 3542 802 3599; x_wconf 74' lang='grc' dir='ltr'>ὲ</span> <span class='ocrx_word' id='word_1_265' title='bbox 815 3540 942 3602; x_wconf 82' lang='lat' dir='ltr'><strong>Gruteri</strong></span> <span class='ocrx_word' id='word_1_266' title='bbox 961 3540 1098 3612; x_wconf 84' lang='lat' dir='ltr'><strong>editione,</strong></span> <span class='ocrx_word' id='word_1_267' title='bbox 1112 3543 1224 3618; x_wconf 82' lang='lat' dir='ltr'><strong>reperi·</strong></span> 
     </span>
     <span class='ocr_line' id='line_1_34' title="bbox 95 3619 1240 3700; baseline 0.003 -18"><span class='ocrx_word' id='word_1_268' title='bbox 95 3627 145 3682; x_wconf 80' lang='lat' dir='ltr'><strong>tur</strong></span> <span class='ocrx_word' id='word_1_269' title='bbox 157 3619 189 3680; x_wconf 87' lang='lat' dir='ltr'><strong>io</strong></span> <span class='ocrx_word' id='word_1_270' title='bbox 202 3620 301 3682; x_wconf 84' lang='lat' dir='ltr'><strong>MStie</strong></span> <span class='ocrx_word' id='word_1_271' title='bbox 315 3621 388 3682; x_wconf 87' lang='lat' dir='ltr'><strong>Bod.</strong></span> <span class='ocrx_word' id='word_1_272' title='bbox 406 3623 493 3700; x_wconf 81' lang='lat' dir='ltr'><strong>Wag.</strong></span> <span class='ocrx_word' id='word_1_273' title='bbox 508 3633 540 3682; x_wconf 86' lang='lat' dir='ltr'><strong>et</strong></span> <span class='ocrx_word' id='word_1_274' title='bbox 560 3623 645 3682; x_wconf 86' lang='lat' dir='ltr'><strong>Cant.</strong></span> <span class='ocrx_word' id='word_1_275' title='bbox 666 3636 698 3684; x_wconf 88' lang='lat' dir='ltr'><strong>et</strong></span> <span class='ocrx_word' id='word_1_276' title='bbox 716 3641 773 3684; x_wconf 84' lang='lat' dir='ltr'><strong>aon</strong></span> <span class='ocrx_word' id='word_1_277' title='bbox 796 3623 924 3683; x_wconf 81' lang='lat' dir='ltr'><strong>otiosum</strong></span> <span class='ocrx_word' id='word_1_278' title='bbox 945 3623 1069 3682; x_wconf 85' lang='lat' dir='ltr'><strong>videtur.</strong></span> <span class='ocrx_word' id='word_1_279' title='bbox 1110 3621 1223 3684; x_wconf 84' lang='lat' dir='ltr'><strong>Sensus</strong></span> <span class='ocrx_word' id='word_1_280' title='bbox 1238 3653 1240 3660; x_wconf 52' lang='lat'><strong><em>⁴</em></strong></span> 
     </span>
     <span class='ocr_line' id='line_1_35' title="bbox 96 3699 584 3771; baseline -0.002 -13"><span class='ocrx_word' id='word_1_281' title='bbox 96 3712 164 3769; x_wconf 83' lang='lat' dir='ltr'><strong>eet·,</strong></span> <span class='ocrx_word' id='word_1_282' title='bbox 185 3711 215 3759; x_wconf 88' lang='lat' dir='ltr'><strong>et</strong></span> <span class='ocrx_word' id='word_1_283' title='bbox 224 3699 251 3758; x_wconf 81' lang='lat' dir='ltr'><strong>si</strong></span> <span class='ocrx_word' id='word_1_284' title='bbox 259 3721 318 3761; x_wconf 87' lang='lat' dir='ltr'><strong>non</strong></span> <span class='ocrx_word' id='word_1_285' title='bbox 326 3701 449 3763; x_wconf 89' lang='lat' dir='ltr'><strong>dubium</strong></span> <span class='ocrx_word' id='word_1_286' title='bbox 464 3714 518 3771; x_wconf 85' lang='lat' dir='ltr'><strong>eet,</strong></span> <span class='ocrx_word' id='word_1_287' title='bbox 529 3715 584 3762; x_wconf 87' lang='lat' dir='ltr'><strong>etc.</strong></span> 
     </span>
    </p>

    <p class='ocr_par' dir='ltr' id='par_1_5' title="bbox 94 3778 1222 4420">
     <span class='ocr_line' id='line_1_36' title="bbox 113 3778 1222 3860; baseline 0.006 -26"><span class='ocrx_word' id='word_1_288' title='bbox 113 3815 116 3820; x_wconf 93' lang='lat'>-</span> <span class='ocrx_word' id='word_1_289' title='bbox 144 3785 157 3834; x_wconf 87' lang='lat'><strong>1-</strong></span> <span class='ocrx_word' id='word_1_290' title='bbox 172 3781 225 3849; x_wconf 80' lang='lat' dir='ltr'><strong>Ac,</strong></span> <span class='ocrx_word' id='word_1_291' title='bbox 236 3783 262 3836; x_wconf 83' lang='lat' dir='ltr'><strong>si</strong></span> <span class='ocrx_word' id='word_1_292' title='bbox 275 3788 390 3854; x_wconf 83' lang='lat' dir='ltr'><strong>quando</strong></span> <span class='ocrx_word' id='word_1_293' title='bbox 405 3785 462 3840; x_wconf 80' lang='lat' dir='ltr'><strong>erit</strong></span> <span class='ocrx_word' id='word_1_294' title='bbox 474 3784 666 3851; x_wconf 77' lang='lat' dir='ltr'><strong>narrandum,</strong></span> <span class='ocrx_word' id='word_1_295' title='bbox 688 3801 726 3842; x_wconf 85' lang='lat' dir='ltr'><strong>ne</strong></span> <span class='ocrx_word' id='word_1_296' title='bbox 740 3784 800 3853; x_wconf 78' lang='lat' dir='ltr'><strong>itta,</strong></span> <span class='ocrx_word' id='word_1_297' title='bbox 812 3778 885 3860; x_wconf 79' lang='lat' dir='ltr'><strong>eto]</strong></span> <span class='ocrx_word' id='word_1_298' title='bbox 917 3779 1080 3843; x_wconf 84' lang='lat' dir='ltr'><strong>Lambinus</strong></span> <span class='ocrx_word' id='word_1_299' title='bbox 1106 3785 1222 3845; x_wconf 87' lang='lat' dir='ltr'><strong>censuit</strong></span> 
     </span>
     <span class='ocr_line' id='line_1_37' title="bbox 96 3857 1220 3938; baseline -0.001 -20"><span class='ocrx_word' id='word_1_300' title='bbox 96 3859 273 3934; x_wconf 82' lang='lat' dir='ltr'><strong>legendum,</strong></span> <span class='ocrx_word' id='word_1_301' title='bbox 289 3865 315 3918; x_wconf 73' lang='grc' dir='ltr'><strong>η·</strong></span> <span class='ocrx_word' id='word_1_302' title='bbox 331 3867 445 3935; x_wconf 77' lang='lat' dir='ltr'><strong>quondo</strong></span> <span class='ocrx_word' id='word_1_303' title='bbox 465 3857 522 3920; x_wconf 73' lang='lat' dir='ltr'><strong>erit</strong></span> <span class='ocrx_word' id='word_1_304' title='bbox 532 3865 720 3933; x_wconf 78' lang='lat' dir='ltr'><strong>narrandam,</strong></span> <span class='ocrx_word' id='word_1_305' title='bbox 740 3861 911 3932; x_wconf 68' lang='lat' dir='ltr'><strong>ridendum,</strong></span> <span class='ocrx_word' id='word_1_306' title='bbox 933 3865 1041 3935; x_wconf 78' lang='lat' dir='ltr'><strong>ncilla,</strong></span> <span class='ocrx_word' id='word_1_307' title='bbox 1056 3866 1220 3938; x_wconf 70' lang='lat' dir='ltr'><strong>quassasti·</strong></span> 
     </span>
     <span class='ocr_line' id='line_1_38' title="bbox 96 3942 1219 4016; baseline -0.005 -18"><span class='ocrx_word' id='word_1_308' title='bbox 96 3942 208 3998; x_wconf 76' lang='lat' dir='ltr'><strong>aionem</strong></span> <span class='ocrx_word' id='word_1_309' title='bbox 218 3951 247 3994; x_wconf 78' lang='lat' dir='ltr'><strong>et</strong></span> <span class='ocrx_word' id='word_1_310' title='bbox 259 3945 365 4000; x_wconf 64' lang='lat' dir='ltr'><strong>manen</strong></span> <span class='ocrx_word' id='word_1_311' title='bbox 378 3945 514 4016; x_wconf 80' lang='lat' dir='ltr'><strong>efficient,</strong></span> <span class='ocrx_word' id='word_1_312' title='bbox 527 3953 682 4014; x_wconf 80' lang='lat' dir='ltr'><strong>contraque</strong></span> <span class='ocrx_word' id='word_1_313' title='bbox 695 3962 747 4002; x_wconf 81' lang='lat' dir='ltr'><strong>noe</strong></span> <span class='ocrx_word' id='word_1_314' title='bbox 762 3953 857 4010; x_wconf 66' lang='lat' dir='ltr'><strong>munt,</strong></span> <span class='ocrx_word' id='word_1_315' title='bbox 870 3945 981 4000; x_wconf 78' lang='lat' dir='ltr'><strong>acriter</strong></span> <span class='ocrx_word' id='word_1_316' title='bbox 998 3952 1219 4014; x_wconf 66' lang='lat' dir='ltr'><strong>persequamur,</strong></span> 
     </span>
     <span class='ocr_line' id='line_1_39' title="bbox 94 4017 1219 4098; baseline -0.004 -20"><span class='ocrx_word' id='word_1_317' title='bbox 94 4031 133 4088; x_wconf 66' lang='lat' dir='ltr'><strong>a,</strong></span> <span class='ocrx_word' id='word_1_318' title='bbox 147 4020 451 4093; x_wconf 71' lang='lat' dir='ltr'><strong>utquicouidporerir,</strong></span> <span class='ocrx_word' id='word_1_319' title='bbox 470 4026 661 4080; x_wconf 76' lang='lat' dir='ltr'><strong>detrahamus.</strong></span> <span class='ocrx_word' id='word_1_320' title='bbox 703 4023 772 4091; x_wconf 85' lang='lat' dir='ltr'><strong>Sed,</strong></span> <span class='ocrx_word' id='word_1_321' title='bbox 786 4021 811 4079; x_wconf 86' lang='lat' dir='ltr'><strong>si</strong></span> <span class='ocrx_word' id='word_1_322' title='bbox 825 4039 883 4098; x_wconf 85' lang='lat' dir='ltr'><strong>qua</strong></span> <span class='ocrx_word' id='word_1_323' title='bbox 903 4022 1064 4082; x_wconf 88' lang='lat' dir='ltr'><strong>mutatione</strong></span> <span class='ocrx_word' id='word_1_324' title='bbox 1077 4037 1151 4091; x_wconf 86' lang='lat' dir='ltr'><strong>opus</strong></span> <span class='ocrx_word' id='word_1_325' title='bbox 1172 4017 1219 4086; x_wconf 73' lang='lat' dir='ltr'><strong>sit,</strong></span> 
     </span>
     <span class='ocr_line' id='line_1_40' title="bbox 94 4098 1218 4178; baseline -0.002 -22"><span class='ocrx_word' id='word_1_326' title='bbox 94 4099 186 4168; x_wconf 87' lang='lat' dir='ltr'><strong>malo,</strong></span> <span class='ocrx_word' id='word_1_327' title='bbox 204 4113 334 4159; x_wconf 81' lang='lat' dir='ltr'><strong>secutus</strong></span> <span class='ocrx_word' id='word_1_328' title='bbox 349 4102 553 4162; x_wconf 83' lang='lat' dir='ltr'><strong>auctoritatem</strong></span> <span class='ocrx_word' id='word_1_329' title='bbox 567 4101 727 4161; x_wconf 85' lang='lat' dir='ltr'><strong>MStornm</strong></span> <span class='ocrx_word' id='word_1_330' title='bbox 740 4101 825 4178; x_wconf 82' lang='lat' dir='ltr'><strong>Mag.</strong></span> <span class='ocrx_word' id='word_1_331' title='bbox 845 4112 875 4161; x_wconf 89' lang='lat' dir='ltr'><strong>et</strong></span> <span class='ocrx_word' id='word_1_332' title='bbox 895 4103 978 4162; x_wconf 88' lang='lat' dir='ltr'><strong>Norf.</strong></span> <span class='ocrx_word' id='word_1_333' title='bbox 995 4098 1218 4172; x_wconf 87' lang='lat' dir='ltr'><strong>editionumque</strong></span> 
     </span>
     <span class='ocr_line' id='line_1_41' title="bbox 94 4177 1219 4264; baseline 0.009 -29"><span class='ocrx_word' id='word_1_334' title='bbox 94 4177 357 4239; x_wconf 69' lang='lat' dir='ltr'><strong>venementer.</strong></span> <span class='ocrx_word' id='word_1_335' title='bbox 372 4181 415 4240; x_wconf 85' lang='lat' dir='ltr'><strong>sic</strong></span> <span class='ocrx_word' id='word_1_336' title='bbox 433 4183 544 4259; x_wconf 82' lang='lat' dir='ltr'><strong>legere.</strong></span> <span class='ocrx_word' id='word_1_337' title='bbox 585 4185 649 4240; x_wconf 77' lang='lat' dir='ltr'><strong>Nec</strong></span> <span class='ocrx_word' id='word_1_338' title='bbox 663 4183 711 4240; x_wconf 81' lang='lat' dir='ltr'><strong>illa</strong></span> <span class='ocrx_word' id='word_1_339' title='bbox 726 4195 863 4254; x_wconf 75' lang='lat' dir='ltr'><strong>qua-et,</strong></span> <span class='ocrx_word' id='word_1_340' title='bbox 882 4182 1018 4256; x_wconf 80' lang='lat' dir='ltr'><strong>quicquid</strong></span> <span class='ocrx_word' id='word_1_341' title='bbox 1034 4179 1157 4264; x_wconf 60' lang='lat' dir='ltr'><strong>lwtfrits</strong></span> <span class='ocrx_word' id='word_1_342' title='bbox 1170 4179 1219 4232; x_wconf 66' lang='lat' dir='ltr'><strong>de·</strong></span> 
     </span>
     <span class='ocr_line' id='line_1_42' title="bbox 94 4259 1220 4338; baseline 0.005 -27"><span class='ocrx_word' id='word_1_343' title='bbox 94 4262 254 4318; x_wconf 71' lang='lat' dir='ltr'><strong>oenomao.</strong></span> <span class='ocrx_word' id='word_1_344' title='bbox 295 4259 363 4320; x_wconf 86' lang='lat' dir='ltr'><strong>Hoc</strong></span> <span class='ocrx_word' id='word_1_345' title='bbox 375 4280 485 4321; x_wconf 80' lang='lat' dir='ltr'><strong>sensuz</strong></span> <span class='ocrx_word' id='word_1_346' title='bbox 506 4261 545 4319; x_wconf 87' lang='lat' dir='ltr'><strong>Et</strong></span> <span class='ocrx_word' id='word_1_347' title='bbox 557 4281 601 4334; x_wconf 89' lang='lat' dir='ltr'><strong>ea,</strong></span> <span class='ocrx_word' id='word_1_348' title='bbox 618 4278 686 4338; x_wconf 84' lang='lat' dir='ltr'><strong>quae</strong></span> <span class='ocrx_word' id='word_1_349' title='bbox 701 4272 802 4322; x_wconf 86' lang='lat' dir='ltr'><strong>contra</strong></span> <span class='ocrx_word' id='word_1_350' title='bbox 816 4279 870 4322; x_wconf 92' lang='lat' dir='ltr'><strong>nos</strong></span> <span class='ocrx_word' id='word_1_351' title='bbox 879 4273 955 4329; x_wconf 85' lang='lat' dir='ltr'><strong>suot,</strong></span> <span class='ocrx_word' id='word_1_352' title='bbox 967 4274 1024 4314; x_wconf 90' lang='lat' dir='ltr'><strong>non</strong></span> <span class='ocrx_word' id='word_1_353' title='bbox 1034 4265 1142 4313; x_wconf 84' lang='lat' dir='ltr'><strong>acrrter</strong></span> <span class='ocrx_word' id='word_1_354' title='bbox 1151 4275 1220 4332; x_wconf 85' lang='lat' dir='ltr'><strong>per·</strong></span> 
     </span>
     <span class='ocr_line' id='line_1_43' title="bbox 95 4335 1217 4420; baseline 0.001 -24"><span class='ocrx_word' id='word_1_355' title='bbox 95 4354 263 4412; x_wconf 81' lang='lat' dir='ltr'><strong>sequamur,</strong></span> <span class='ocrx_word' id='word_1_356' title='bbox 272 4351 303 4398; x_wconf 87' lang='lat' dir='ltr'><strong>et</strong></span> <span class='ocrx_word' id='word_1_357' title='bbox 311 4359 348 4400; x_wconf 87' lang='lat' dir='ltr'><strong>ea</strong></span> <span class='ocrx_word' id='word_1_358' title='bbox 359 4360 428 4418; x_wconf 85' lang='lat' dir='ltr'><strong>quae</strong></span> <span class='ocrx_word' id='word_1_359' title='bbox 440 4351 576 4415; x_wconf 84' lang='lat' dir='ltr'><strong>poterunt</strong></span> <span class='ocrx_word' id='word_1_360' title='bbox 584 4340 733 4420; x_wconf 86' lang='lat' dir='ltr'><strong>ejusmodi</strong></span> <span class='ocrx_word' id='word_1_361' title='bbox 744 4361 821 4415; x_wconf 84' lang='lat' dir='ltr'><strong>esse,</strong></span> <span class='ocrx_word' id='word_1_362' title='bbox 834 4342 1013 4400; x_wconf 74' lang='lat' dir='ltr'><strong>auferamus.</strong></span> <span class='ocrx_word' id='word_1_363' title='bbox 1028 4335 1175 4410; x_wconf 82' lang='lat' dir='ltr'><strong>Vulgaris</strong></span> <span class='ocrx_word' id='word_1_364' title='bbox 1185 4351 1217 4396; x_wconf 87' lang='lat' dir='ltr'><strong>et</strong></span> 
     </span>
    </p>
   </div>
   <div class='ocr_carea' id='block_1_3' title="bbox 93 4412 1217 4578">
    <p class='ocr_par' dir='ltr' id='par_1_6' title="bbox 93 4412 1217 4578">
     <span class='ocr_line' id='line_1_44' title="bbox 93 4412 1217 4496; baseline 0.005 -23"><span class='ocrx_word' id='word_1_365' title='bbox 93 4415 168 4474; x_wconf 79' lang='lat' dir='ltr'><strong>satis</strong></span> <span class='ocrx_word' id='word_1_366' title='bbox 179 4417 315 4480; x_wconf 83' lang='lat' dir='ltr'><strong>omnibus</strong></span> <span class='ocrx_word' id='word_1_367' title='bbox 329 4434 416 4480; x_wconf 81' lang='lat' dir='ltr'><strong>notus</strong></span> <span class='ocrx_word' id='word_1_368' title='bbox 429 4433 477 4479; x_wconf 85' lang='lat' dir='ltr'><strong>est</strong></span> <span class='ocrx_word' id='word_1_369' title='bbox 489 4421 536 4479; x_wconf 89' lang='lat' dir='ltr'><strong>hio</strong></span> <span class='ocrx_word' id='word_1_370' title='bbox 550 4439 622 4482; x_wconf 82' lang='lat' dir='ltr'><strong>usus</strong></span> <span class='ocrx_word' id='word_1_371' title='bbox 634 4422 719 4496; x_wconf 80' lang='lat' dir='ltr'><strong>vocis</strong></span> <span class='ocrx_word' id='word_1_372' title='bbox 738 4441 801 4492; x_wconf 81' lang='lat' dir='ltr'><strong>aec,</strong></span> <span class='ocrx_word' id='word_1_373' title='bbox 828 4421 898 4480; x_wconf 79' lang='lat' dir='ltr'><strong>eom</strong></span> <span class='ocrx_word' id='word_1_374' title='bbox 920 4412 1065 4491; x_wconf 75' lang='lat' dir='ltr'><strong>signifieat</strong></span> <span class='ocrx_word' id='word_1_375' title='bbox 1087 4428 1117 4474; x_wconf 82' lang='lat' dir='ltr'><strong>et</strong></span> <span class='ocrx_word' id='word_1_376' title='bbox 1139 4437 1217 4476; x_wconf 83' lang='lat' dir='ltr'><strong>oon:</strong></span> 
     </span>
     <span class='ocr_line' id='line_1_45' title="bbox 93 4494 1166 4578; baseline -0.001 -20"><span class='ocrx_word' id='word_1_377' title='bbox 93 4494 162 4558; x_wconf 80' lang='lat' dir='ltr'><strong>vide</strong></span> <span class='ocrx_word' id='word_1_378' title='bbox 177 4510 277 4560; x_wconf 70' lang='lat' dir='ltr'><strong>nmen</strong></span> <span class='ocrx_word' id='word_1_379' title='bbox 292 4502 406 4564; x_wconf 79' lang='lat' dir='ltr'><strong>Noom</strong></span> <span class='ocrx_word' id='word_1_380' title='bbox 420 4502 455 4562; x_wconf 89' lang='lat' dir='ltr'><strong>ad</strong></span> <span class='ocrx_word' id='word_1_381' title='bbox 469 4500 499 4560; x_wconf 86' lang='lat' dir='ltr'><strong>ii.</strong></span> <span class='ocrx_word' id='word_1_382' title='bbox 514 4507 560 4560; x_wconf 81' lang='grc'><strong>70.</strong></span> <span class='ocrx_word' id='word_1_383' title='bbox 575 4520 603 4578; x_wconf 80' lang='lat' dir='ltr'><strong>p</strong></span> <span class='ocrx_word' id='word_1_384' title='bbox 619 4505 685 4559; x_wconf 76' lang='lat'>261.</span> <span class='ocrx_word' id='word_1_385' title='bbox 1164 4505 1166 4514; x_wconf 82' lang='grc'>’</span> 
     </span>
    </p>
   </div>
   <div class='ocr_carea' id='block_1_4' title="bbox 0 0 1435 5014">
    <p class='ocr_par' dir='ltr' id='par_1_7' title="bbox 0 0 1435 5014">
     <span class='ocr_line' id='line_1_46' title="bbox 0 0 1435 5014; baseline 0 0"><span class='ocrx_word' id='word_1_386' title='bbox 0 0 1435 5014; x_wconf 95' lang='lat' dir='ltr'><strong> </strong></span> 
     </span>
    </p>
   </div>
  </div>
 </body>
</html>
